<?xml version="1.0" encoding="UTF-8"?>
<!DOCTYPE html PUBLIC "-//W3C//DTD XHTML 1.0 Transitional//EN"
    "http://www.w3.org/TR/xhtml1/DTD/xhtml1-transitional.dtd">
<html xmlns="http://www.w3.org/1999/xhtml" xml:lang="en" lang="en">
 <head>
  <title>
</title>
<meta http-equiv="Content-Type" content="text/html;charset=utf-8" />
  <meta name='ocr-system' content='tesseract 3.04.00' />
  <meta name='ocr-capabilities' content='ocr_page ocr_carea ocr_par ocr_line ocrx_word'/>
</head>
<body>
  <div class='ocr_page' id='page_1' title='image "./summulatheologia03anni_0148.png"; bbox 0 0 2632 4094; ppageno 0'>
   <div class='ocr_carea' id='block_1_1' title="bbox 206 150 2060 205">
    <p class='ocr_par' dir='ltr' id='par_1_1' title="bbox 206 150 2060 205">
     <span class='ocr_line' id='line_1_1' title="bbox 206 150 2060 205; baseline -0.001 -1"><span class='ocrx_word' id='word_1_1' title='bbox 206 150 301 205; x_wconf 81' lang='lat'><strong>144</strong></span> <span class='ocrx_word' id='word_1_2' title='bbox 574 166 719 204; x_wconf 67' lang='lat' dir='ltr'><strong>nisan</strong></span> <span class='ocrx_word' id='word_1_3' title='bbox 755 165 807 203; x_wconf 89' lang='lat' dir='ltr'><strong>n.</strong></span> <span class='ocrx_word' id='word_1_4' title='bbox 841 175 863 188; x_wconf 92' lang='lat'>-</span> <span class='ocrx_word' id='word_1_5' title='bbox 897 164 1071 203; x_wconf 68' lang='lat' dir='ltr'><strong>ratior.</strong></span> <span class='ocrx_word' id='word_1_6' title='bbox 1107 163 1172 203; x_wconf 85' lang='lat' dir='ltr'><strong>m.</strong></span> <span class='ocrx_word' id='word_1_7' title='bbox 1209 165 1273 203; x_wconf 80' lang='lat' dir='ltr'><strong>ns</strong></span> <span class='ocrx_word' id='word_1_8' title='bbox 1308 162 1714 203; x_wconf 66' lang='lat' dir='ltr'><strong>osum-nomam</strong></span> <span class='ocrx_word' id='word_1_9' title='bbox 1747 162 2060 203; x_wconf 67' lang='lat' dir='ltr'><strong>cassiacum</strong></span> 
     </span>
    </p>
   </div>
   <div class='ocr_carea' id='block_1_2' title="bbox 200 212 2587 323">
    <p class='ocr_par' dir='ltr' id='par_1_2' title="bbox 200 206 2587 323">
     <span class='ocr_line' id='line_1_2' title="bbox 200 212 2587 323; baseline -0.003 -16"><span class='ocrx_word' id='word_1_10' title='bbox 200 251 468 307; x_wconf 89' lang='lat' dir='ltr'><strong>omnibus</strong></span> <span class='ocrx_word' id='word_1_11' title='bbox 497 248 826 304; x_wconf 87' lang='lat' dir='ltr'><strong>hominibus</strong></span> <span class='ocrx_word' id='word_1_12' title='bbox 855 247 913 302; x_wconf 92' lang='lat' dir='ltr'><strong>in</strong></span> <span class='ocrx_word' id='word_1_13' title='bbox 943 250 1158 304; x_wconf 88' lang='lat' dir='ltr'><strong>sortem</strong></span> <span class='ocrx_word' id='word_1_14' title='bbox 1191 248 1411 303; x_wconf 87' lang='lat' dir='ltr'>Domini</span> <span class='ocrx_word' id='word_1_15' title='bbox 1443 248 1682 302; x_wconf 88' lang='lat' dir='ltr'><strong>vocatos</strong></span> <span class='ocrx_word' id='word_1_16' title='bbox 1724 245 1905 304; x_wconf 81' lang='lat' dir='ltr'><strong>fuisse</strong></span> <span class='ocrx_word' id='word_1_17' title='bbox 1948 244 2064 323; x_wconf 88' lang='lat'>(17)</span> <span class='ocrx_word' id='word_1_18' title='bbox 2091 249 2159 304; x_wconf 89' lang='lat' dir='ltr'><strong>ut</strong></span> <span class='ocrx_word' id='word_1_19' title='bbox 2185 247 2304 305; x_wconf 89' lang='lat' dir='ltr'><strong>sint</strong></span> <span class='ocrx_word' id='word_1_20' title='bbox 2333 212 2476 306; x_wconf 44' lang='lat' dir='ltr'><strong>lux„</strong></span> <span class='ocrx_word' id='word_1_21' title='bbox 2504 252 2508 254; x_wconf 76' lang='grc'><strong>’</strong></span> <span class='ocrx_word' id='word_1_22' title='bbox 2531 245 2550 258; x_wconf 79' lang='grc'><strong>·’</strong></span> <span class='ocrx_word' id='word_1_23' title='bbox 2584 236 2587 246; x_wconf 69' lang='lat'><em>&#39;</em></span> 
     </span>
    </p>
   </div>
   <div class='ocr_carea' id='block_1_3' title="bbox 200 331 2441 500">
    <p class='ocr_par' dir='ltr' id='par_1_3' title="bbox 200 331 2441 500">
     <span class='ocr_line' id='line_1_3' title="bbox 200 331 2438 410; baseline -0 -14"><span class='ocrx_word' id='word_1_24' title='bbox 200 341 421 404; x_wconf 87' lang='lat' dir='ltr'><strong>mundi,</strong></span> <span class='ocrx_word' id='word_1_25' title='bbox 477 343 538 395; x_wconf 91' lang='lat' dir='ltr'><strong>et</strong></span> <span class='ocrx_word' id='word_1_26' title='bbox 576 339 663 394; x_wconf 87' lang='lat' dir='ltr'><strong>sal</strong></span> <span class='ocrx_word' id='word_1_27' title='bbox 707 340 900 393; x_wconf 86' lang='lat' dir='ltr'><strong>terrae</strong></span> <span class='ocrx_word' id='word_1_28' title='bbox 940 334 1077 410; x_wconf 91' lang='lat'>(18):</span> <span class='ocrx_word' id='word_1_29' title='bbox 1119 352 1365 408; x_wconf 88' lang='lat' dir='ltr'><strong>quorum</strong></span> <span class='ocrx_word' id='word_1_30' title='bbox 1422 337 1545 391; x_wconf 86' lang='lat' dir='ltr'><strong>vita</strong></span> <span class='ocrx_word' id='word_1_31' title='bbox 1593 335 1970 393; x_wconf 86' lang='lat' dir='ltr'><strong>immaculata</strong></span> <span class='ocrx_word' id='word_1_32' title='bbox 2024 331 2264 407; x_wconf 60' lang='lat' dir='ltr'><strong>proinde</strong></span> <span class='ocrx_word' id='word_1_33' title='bbox 2306 352 2438 395; x_wconf 85' lang='lat' dir='ltr'><strong>esse</strong></span> 
     </span>
     <span class='ocr_line' id='line_1_4' title="bbox 201 424 2441 500; baseline -0.002 -15"><span class='ocrx_word' id='word_1_34' title='bbox 201 432 376 486; x_wconf 88' lang='lat' dir='ltr'><strong>debet</strong></span> <span class='ocrx_word' id='word_1_35' title='bbox 404 429 535 500; x_wconf 87' lang='lat'>(19).</span> <span class='ocrx_word' id='word_1_36' title='bbox 565 427 951 492; x_wconf 78' lang='lat' dir='ltr'><strong>Quamobrem</strong></span> <span class='ocrx_word' id='word_1_37' title='bbox 977 427 1228 497; x_wconf 85' lang='lat' dir='ltr'><strong>ipsorum</strong></span> <span class='ocrx_word' id='word_1_38' title='bbox 1261 428 1523 496; x_wconf 89' lang='lat' dir='ltr'><strong>peccata,</strong></span> <span class='ocrx_word' id='word_1_39' title='bbox 1554 427 1614 479; x_wconf 89' lang='lat' dir='ltr'><strong>et</strong></span> <span class='ocrx_word' id='word_1_40' title='bbox 1637 425 1815 495; x_wconf 89' lang='lat' dir='ltr'><strong>longe</strong></span> <span class='ocrx_word' id='word_1_41' title='bbox 1838 424 2114 494; x_wconf 89' lang='lat' dir='ltr'><strong>graviora</strong></span> <span class='ocrx_word' id='word_1_42' title='bbox 2142 428 2280 482; x_wconf 89' lang='lat' dir='ltr'><strong>sunt</strong></span> <span class='ocrx_word' id='word_1_43' title='bbox 2301 425 2441 499; x_wconf 87' lang='grc'>(20),</span> 
     </span>
    </p>
   </div>
   <div class='ocr_carea' id='block_1_4' title="bbox 202 504 2532 588">
    <p class='ocr_par' dir='ltr' id='par_1_4' title="bbox 202 504 2532 588">
     <span class='ocr_line' id='line_1_5' title="bbox 202 504 2532 588; baseline -0.001 -14"><span class='ocrx_word' id='word_1_44' title='bbox 202 520 454 575; x_wconf 83' lang='lat' dir='ltr'><strong>maxime</strong></span> <span class='ocrx_word' id='word_1_45' title='bbox 485 520 723 588; x_wconf 89' lang='lat' dir='ltr'><strong>propter</strong></span> <span class='ocrx_word' id='word_1_46' title='bbox 749 515 1091 571; x_wconf 87' lang='lat' dir='ltr'><strong>scandalum</strong></span> <span class='ocrx_word' id='word_1_47' title='bbox 1126 515 1259 586; x_wconf 88' lang='grc'>(21);</span> <span class='ocrx_word' id='word_1_48' title='bbox 1291 518 1353 571; x_wconf 91' lang='lat' dir='ltr'><strong>et</strong></span> <span class='ocrx_word' id='word_1_49' title='bbox 1383 515 1566 583; x_wconf 85' lang='lat' dir='ltr'><strong>longe</strong></span> <span class='ocrx_word' id='word_1_50' title='bbox 1597 513 2031 584; x_wconf 88' lang='lat' dir='ltr'><strong>periculosiora,</strong></span> <span class='ocrx_word' id='word_1_51' title='bbox 2063 531 2215 580; x_wconf 89' lang='lat' dir='ltr'><strong>nam,</strong></span> <span class='ocrx_word' id='word_1_52' title='bbox 2247 516 2295 571; x_wconf 88' lang='lat' dir='ltr'><strong>si</strong></span> <span class='ocrx_word' id='word_1_53' title='bbox 2327 530 2438 572; x_wconf 90' lang='lat' dir='ltr'><strong>non</strong></span> <span class='ocrx_word' id='word_1_54' title='bbox 2527 504 2532 520; x_wconf 56' lang='lat'>³</span> 
     </span>
    </p>
   </div>
   <div class='ocr_carea' id='block_1_5' title="bbox 203 603 2406 679">
    <p class='ocr_par' dir='ltr' id='par_1_5' title="bbox 203 603 2406 679">
     <span class='ocr_line' id='line_1_6' title="bbox 203 603 2406 679; baseline -0.001 -16"><span class='ocrx_word' id='word_1_55' title='bbox 203 610 471 679; x_wconf 86' lang='lat' dir='ltr'><strong>protinus</strong></span> <span class='ocrx_word' id='word_1_56' title='bbox 511 606 889 677; x_wconf 87' lang='lat' dir='ltr'><strong>resipuerint,</strong></span> <span class='ocrx_word' id='word_1_57' title='bbox 918 607 1247 668; x_wconf 87' lang='lat' dir='ltr'><strong>tabescunt,</strong></span> <span class='ocrx_word' id='word_1_58' title='bbox 1284 607 1344 659; x_wconf 91' lang='lat' dir='ltr'><strong>et</strong></span> <span class='ocrx_word' id='word_1_59' title='bbox 1387 605 1445 658; x_wconf 92' lang='lat' dir='ltr'><strong>in</strong></span> <span class='ocrx_word' id='word_1_60' title='bbox 1488 605 1612 659; x_wconf 90' lang='lat' dir='ltr'><strong>suis</strong></span> <span class='ocrx_word' id='word_1_61' title='bbox 1654 603 1912 675; x_wconf 81' lang='lat' dir='ltr'><strong>peccatis</strong></span> <span class='ocrx_word' id='word_1_62' title='bbox 1940 604 2246 662; x_wconf 84' lang='lat' dir='ltr'><strong>intereunt</strong></span> <span class='ocrx_word' id='word_1_63' title='bbox 2276 605 2406 677; x_wconf 86' lang='grc'>(22).</span> 
     </span>
    </p>
   </div>
   <div class='ocr_carea' id='block_1_6' title="bbox 1139 797 1520 854">
    <p class='ocr_par' dir='ltr' id='par_1_6' title="bbox 1139 797 1520 854">
     <span class='ocr_line' id='line_1_7' title="bbox 1139 797 1520 854; baseline -0.003 -1"><span class='ocrx_word' id='word_1_64' title='bbox 1139 797 1377 854; x_wconf 87' lang='lat' dir='ltr'>CAPUT</span> <span class='ocrx_word' id='word_1_65' title='bbox 1425 797 1520 852; x_wconf 94' lang='lat' dir='ltr'><strong>III.</strong></span> 
     </span>
    </p>
   </div>
   <div class='ocr_carea' id='block_1_7' title="bbox 203 931 2443 979">
    <p class='ocr_par' dir='ltr' id='par_1_7' title="bbox 203 931 2443 979">
     <span class='ocr_line' id='line_1_8' title="bbox 203 931 2443 979; baseline -0.002 -3"><span class='ocrx_word' id='word_1_66' title='bbox 203 936 283 976; x_wconf 88' lang='lat' dir='ltr'><strong>DE</strong></span> <span class='ocrx_word' id='word_1_67' title='bbox 324 933 814 976; x_wconf 78' lang='lat' dir='ltr'><strong>OBLIGATIONIBUS</strong></span> <span class='ocrx_word' id='word_1_68' title='bbox 855 932 1066 974; x_wconf 86' lang='lat' dir='ltr'><strong>EORUM</strong></span> <span class='ocrx_word' id='word_1_69' title='bbox 1107 934 1205 979; x_wconf 91' lang='lat' dir='ltr'><strong>QUI</strong></span> <span class='ocrx_word' id='word_1_70' title='bbox 1246 933 1310 972; x_wconf 91' lang='lat' dir='ltr'><strong>IN</strong></span> <span class='ocrx_word' id='word_1_71' title='bbox 1351 932 1568 978; x_wconf 83' lang='lat' dir='ltr'><strong>ALIQUO</strong></span> <span class='ocrx_word' id='word_1_72' title='bbox 1609 931 1846 973; x_wconf 85' lang='lat' dir='ltr'><strong>OFFICIO</strong></span> <span class='ocrx_word' id='word_1_73' title='bbox 1888 931 2233 974; x_wconf 78' lang='lat' dir='ltr'><strong>CONSTI&#39;I&#39;UTI</strong></span> <span class='ocrx_word' id='word_1_74' title='bbox 2275 932 2443 974; x_wconf 73' lang='lat' dir='ltr'><strong>SUNT.</strong></span> 
     </span>
    </p>
   </div>
   <div class='ocr_carea' id='block_1_8' title="bbox 998 1080 1657 1138">
    <p class='ocr_par' dir='ltr' id='par_1_8' title="bbox 998 1080 1657 1138">
     <span class='ocr_line' id='line_1_9' title="bbox 998 1080 1657 1138; baseline -0.005 0"><span class='ocrx_word' id='word_1_75' title='bbox 998 1083 1148 1138; x_wconf 78' lang='lat' dir='ltr'><strong>ART.</strong></span> <span class='ocrx_word' id='word_1_76' title='bbox 1182 1084 1220 1136; x_wconf 93' lang='grc' dir='ltr'><strong>Ι.</strong></span> <span class='ocrx_word' id='word_1_77' title='bbox 1267 1085 1344 1136; x_wconf 81' lang='lat' dir='ltr'><strong>De</strong></span> <span class='ocrx_word' id='word_1_78' title='bbox 1382 1080 1657 1136; x_wconf 66' lang='lat' dir='ltr'><strong>parochis.</strong></span> 
     </span>
    </p>
   </div>
   <div class='ocr_carea' id='block_1_9' title="bbox 205 1233 2484 2296">
    <p class='ocr_par' dir='ltr' id='par_1_9' title="bbox 205 1233 2456 1934">
     <span class='ocr_line' id='line_1_10' title="bbox 286 1233 2451 1304; baseline -0.002 -13"><span class='ocrx_word' id='word_1_79' title='bbox 286 1237 410 1292; x_wconf 90' lang='grc'><strong>165</strong></span> <span class='ocrx_word' id='word_1_80' title='bbox 453 1237 741 1291; x_wconf 85' lang='lat' dir='ltr'><strong>Parochos</strong></span> <span class='ocrx_word' id='word_1_81' title='bbox 781 1233 913 1289; x_wconf 90' lang='lat' dir='ltr'><strong>heic</strong></span> <span class='ocrx_word' id='word_1_82' title='bbox 949 1233 1271 1303; x_wconf 83' lang='lat' dir='ltr'><strong>accipimus</strong></span> <span class='ocrx_word' id='word_1_83' title='bbox 1310 1248 1511 1288; x_wconf 90' lang='lat' dir='ltr'><strong>omnes</strong></span> <span class='ocrx_word' id='word_1_84' title='bbox 1553 1234 1797 1288; x_wconf 89' lang='lat' dir='ltr'><strong>clericos</strong></span> <span class='ocrx_word' id='word_1_85' title='bbox 1838 1233 2053 1304; x_wconf 91' lang='lat' dir='ltr'><strong>quibus</strong></span> <span class='ocrx_word' id='word_1_86' title='bbox 2094 1233 2320 1290; x_wconf 82' lang='lat' dir='ltr'><strong>credita</strong></span> <span class='ocrx_word' id='word_1_87' title='bbox 2359 1237 2451 1290; x_wconf 89' lang='lat' dir='ltr'><strong>est</strong></span> 
     </span>
     <span class='ocr_line' id='line_1_11' title="bbox 205 1322 2484 1421; baseline -0.001 -39"><span class='ocrx_word' id='word_1_88' title='bbox 205 1326 458 1382; x_wconf 88' lang='lat' dir='ltr'><strong>actualis</strong></span> <span class='ocrx_word' id='word_1_89' title='bbox 487 1325 817 1380; x_wconf 90' lang='lat' dir='ltr'><strong>animarum</strong></span> <span class='ocrx_word' id='word_1_90' title='bbox 845 1338 1011 1386; x_wconf 86' lang='lat' dir='ltr'><strong>cura;</strong></span> <span class='ocrx_word' id='word_1_91' title='bbox 1043 1323 1221 1377; x_wconf 89' lang='lat' dir='ltr'><strong>etiam</strong></span> <span class='ocrx_word' id='word_1_92' title='bbox 1250 1322 1610 1386; x_wconf 78' lang='lat' dir='ltr'><strong>amovibile8‚</strong></span> <span class='ocrx_word' id='word_1_93' title='bbox 1642 1323 1735 1379; x_wconf 89' lang='lat' dir='ltr'><strong>vel</strong></span> <span class='ocrx_word' id='word_1_94' title='bbox 1765 1324 1839 1378; x_wconf 90' lang='lat' dir='ltr'><strong>ad</strong></span> <span class='ocrx_word' id='word_1_95' title='bbox 1883 1326 2131 1393; x_wconf 89' lang='lat' dir='ltr'><strong>tempus.</strong></span> <span class='ocrx_word' id='word_1_96' title='bbox 2157 1322 2484 1421; x_wconf 89' lang='lat' dir='ltr'><strong>Principio</strong></span> 
     </span>
     <span class='ocr_line' id='line_1_12' title="bbox 207 1389 2477 1485; baseline -0 -16"><span class='ocrx_word' id='word_1_97' title='bbox 207 1415 394 1485; x_wconf 88' lang='lat' dir='ltr'><strong>igitur</strong></span> <span class='ocrx_word' id='word_1_98' title='bbox 449 1415 505 1469; x_wconf 84' lang='lat' dir='ltr'><strong>hi</strong></span> <span class='ocrx_word' id='word_1_99' title='bbox 549 1416 846 1474; x_wconf 89' lang='lat' dir='ltr'><strong>tenentur,</strong></span> <span class='ocrx_word' id='word_1_100' title='bbox 897 1427 972 1466; x_wconf 84' lang='lat' dir='ltr'><strong>ex</strong></span> <span class='ocrx_word' id='word_1_101' title='bbox 1013 1415 1338 1476; x_wconf 88' lang='lat' dir='ltr'><strong>contractu,</strong></span> <span class='ocrx_word' id='word_1_102' title='bbox 1390 1412 1451 1466; x_wconf 90' lang='lat' dir='ltr'><strong>in</strong></span> <span class='ocrx_word' id='word_1_103' title='bbox 1493 1415 1828 1483; x_wconf 83' lang='lat' dir='ltr'><strong>susceptam</strong></span> <span class='ocrx_word' id='word_1_104' title='bbox 1872 1429 2070 1468; x_wconf 88' lang='lat' dir='ltr'><strong>curam</strong></span> <span class='ocrx_word' id='word_1_105' title='bbox 2118 1389 2477 1469; x_wconf 85' lang='lat' dir='ltr'><strong>animarum</strong></span> 
     </span>
     <span class='ocr_line' id='line_1_13' title="bbox 208 1502 2451 1576; baseline -0.001 -14"><span class='ocrx_word' id='word_1_106' title='bbox 208 1508 577 1568; x_wconf 86' lang='lat' dir='ltr'><strong>incumbere;</strong></span> <span class='ocrx_word' id='word_1_107' title='bbox 607 1520 676 1559; x_wconf 89' lang='lat' dir='ltr'><strong>ac</strong></span> <span class='ocrx_word' id='word_1_108' title='bbox 708 1503 949 1574; x_wconf 79' lang='lat' dir='ltr'><strong>proinde</strong></span> <span class='ocrx_word' id='word_1_109' title='bbox 979 1503 1208 1558; x_wconf 88' lang='lat' dir='ltr'><strong>etiamsi</strong></span> <span class='ocrx_word' id='word_1_110' title='bbox 1239 1502 1389 1557; x_wconf 88' lang='lat' dir='ltr'><strong>nulli</strong></span> <span class='ocrx_word' id='word_1_111' title='bbox 1419 1503 1537 1558; x_wconf 90' lang='lat' dir='ltr'><strong>sint</strong></span> <span class='ocrx_word' id='word_1_112' title='bbox 1568 1505 1873 1573; x_wconf 81' lang='lat' dir='ltr'><strong>paroeciae</strong></span> <span class='ocrx_word' id='word_1_113' title='bbox 1903 1504 2131 1559; x_wconf 89' lang='lat' dir='ltr'><strong>reditus</strong></span> <span class='ocrx_word' id='word_1_114' title='bbox 2175 1503 2267 1576; x_wconf 91' lang='lat'>(1).</span> <span class='ocrx_word' id='word_1_115' title='bbox 2298 1505 2451 1560; x_wconf 88' lang='lat' dir='ltr'><strong>Sane</strong></span> 
     </span>
     <span class='ocr_line' id='line_1_14' title="bbox 207 1592 2450 1666; baseline -0.001 -15"><span class='ocrx_word' id='word_1_116' title='bbox 207 1596 452 1651; x_wconf 85' lang='lat' dir='ltr'><strong>Parochi</strong></span> <span class='ocrx_word' id='word_1_117' title='bbox 502 1595 779 1658; x_wconf 84' lang='lat' dir='ltr'><strong>officium,</strong></span> <span class='ocrx_word' id='word_1_118' title='bbox 832 1593 1081 1663; x_wconf 84' lang='lat' dir='ltr'><strong>pastoris</strong></span> <span class='ocrx_word' id='word_1_119' title='bbox 1131 1592 1293 1662; x_wconf 90' lang='lat' dir='ltr'><strong>(quia</strong></span> <span class='ocrx_word' id='word_1_120' title='bbox 1333 1593 1600 1662; x_wconf 88' lang='lat' dir='ltr'><strong>Episcopi</strong></span> <span class='ocrx_word' id='word_1_121' title='bbox 1643 1594 1731 1647; x_wconf 87' lang='lat' dir='ltr'><strong>sui</strong></span> <span class='ocrx_word' id='word_1_122' title='bbox 1774 1593 1937 1649; x_wconf 88' lang='lat' dir='ltr'><strong>vices</strong></span> <span class='ocrx_word' id='word_1_123' title='bbox 1977 1592 2159 1666; x_wconf 88' lang='lat' dir='ltr'><strong>gerit)</strong></span> <span class='ocrx_word' id='word_1_124' title='bbox 2197 1594 2450 1650; x_wconf 87' lang='lat' dir='ltr'><strong>officium</strong></span> 
     </span>
     <span class='ocr_line' id='line_1_15' title="bbox 210 1679 2455 1755; baseline -0.002 -13"><span class='ocrx_word' id='word_1_125' title='bbox 210 1690 332 1749; x_wconf 90' lang='lat' dir='ltr'><strong>est;</strong></span> <span class='ocrx_word' id='word_1_126' title='bbox 376 1686 505 1740; x_wconf 93' lang='lat' dir='ltr'><strong>ideo</strong></span> <span class='ocrx_word' id='word_1_127' title='bbox 546 1685 777 1754; x_wconf 81' lang='lat' dir='ltr'><strong>oportet</strong></span> <span class='ocrx_word' id='word_1_128' title='bbox 817 1698 950 1738; x_wconf 89' lang='lat' dir='ltr'><strong>eum</strong></span> <span class='ocrx_word' id='word_1_129' title='bbox 986 1680 1045 1736; x_wconf 90' lang='lat'><strong>1⁰</strong></span> <span class='ocrx_word' id='word_1_130' title='bbox 1079 1697 1220 1736; x_wconf 88' lang='lat' dir='ltr'><strong>oves</strong></span> <span class='ocrx_word' id='word_1_131' title='bbox 1260 1697 1397 1737; x_wconf 88' lang='lat' dir='ltr'><strong>suas</strong></span> <span class='ocrx_word' id='word_1_132' title='bbox 1426 1697 1687 1755; x_wconf 88' lang='lat' dir='ltr'><strong>pascere,</strong></span> <span class='ocrx_word' id='word_1_133' title='bbox 1728 1679 1789 1737; x_wconf 79' lang='grc' dir='ltr'><strong>2ο</strong></span> <span class='ocrx_word' id='word_1_134' title='bbox 1830 1698 1934 1753; x_wconf 91' lang='lat' dir='ltr'><strong>pro</strong></span> <span class='ocrx_word' id='word_1_135' title='bbox 1973 1684 2060 1738; x_wconf 90' lang='lat' dir='ltr'><strong>eis</strong></span> <span class='ocrx_word' id='word_1_136' title='bbox 2101 1683 2455 1739; x_wconf 85' lang='lat' dir='ltr'><strong>sacrificium</strong></span> 
     </span>
     <span class='ocr_line' id='line_1_16' title="bbox 211 1771 2456 1843; baseline -0.001 -13"><span class='ocrx_word' id='word_1_137' title='bbox 211 1776 451 1839; x_wconf 80' lang='lat' dir='ltr'><strong>offerre3</strong></span> <span class='ocrx_word' id='word_1_138' title='bbox 494 1776 554 1830; x_wconf 90' lang='lat'><strong>3⁰</strong></span> <span class='ocrx_word' id='word_1_139' title='bbox 582 1775 818 1828; x_wconf 87' lang='lat' dir='ltr'><strong>missam</strong></span> <span class='ocrx_word' id='word_1_140' title='bbox 860 1772 947 1827; x_wconf 90' lang='lat' dir='ltr'><strong>eis</strong></span> <span class='ocrx_word' id='word_1_141' title='bbox 980 1772 1283 1826; x_wconf 86' lang='lat' dir='ltr'><strong>celebrare</strong></span> <span class='ocrx_word' id='word_1_142' title='bbox 1326 1771 1535 1827; x_wconf 90' lang='lat' dir='ltr'><strong>diebus</strong></span> <span class='ocrx_word' id='word_1_143' title='bbox 1578 1772 1759 1827; x_wconf 78' lang='lat' dir='ltr'><strong>festis,</strong></span> <span class='ocrx_word' id='word_1_144' title='bbox 1800 1773 1827 1826; x_wconf 96' lang='lat' dir='ltr'><strong>I</strong></span> <span class='ocrx_word' id='word_1_145' title='bbox 1853 1774 2076 1828; x_wconf 63' lang='lat' dir='ltr'><strong>Pas-cere</strong></span> <span class='ocrx_word' id='word_1_146' title='bbox 2118 1787 2328 1843; x_wconf 89' lang='lat' dir='ltr'><strong>nempe</strong></span> <span class='ocrx_word' id='word_1_147' title='bbox 2356 1773 2456 1829; x_wconf 88' lang='lat' dir='ltr'><strong>ad-</strong></span> 
     </span>
     <span class='ocr_line' id='line_1_17' title="bbox 213 1861 1994 1934; baseline -0.003 -14"><span class='ocrx_word' id='word_1_148' title='bbox 213 1865 643 1920; x_wconf 79' lang='lat' dir='ltr'><strong>ministratione</strong></span> <span class='ocrx_word' id='word_1_149' title='bbox 685 1864 1203 1925; x_wconf 87' lang='lat' dir='ltr'><strong>sacramentorum,</strong></span> <span class='ocrx_word' id='word_1_150' title='bbox 1247 1862 1446 1927; x_wconf 84' lang='lat' dir='ltr'><strong>verbo,</strong></span> <span class='ocrx_word' id='word_1_151' title='bbox 1488 1865 1547 1916; x_wconf 92' lang='lat' dir='ltr'><strong>et</strong></span> <span class='ocrx_word' id='word_1_152' title='bbox 1590 1863 1860 1931; x_wconf 82' lang='lat' dir='ltr'><strong>exemplo</strong></span> <span class='ocrx_word' id='word_1_153' title='bbox 1902 1861 1994 1934; x_wconf 85' lang='grc'>(2).</span> 
     </span>
    </p>

    <p class='ocr_par' dir='ltr' id='par_1_10' title="bbox 212 1950 2458 2296">
     <span class='ocr_line' id='line_1_18' title="bbox 290 1950 2457 2021; baseline -0.001 -11"><span class='ocrx_word' id='word_1_154' title='bbox 290 1956 412 2010; x_wconf 87' lang='grc'>166.</span> <span class='ocrx_word' id='word_1_155' title='bbox 443 1955 906 2007; x_wconf 75' lang='lat' dir='ltr'><strong>Administratz‘one</strong></span> <span class='ocrx_word' id='word_1_156' title='bbox 938 1955 1047 2005; x_wconf 89' lang='lat' dir='ltr'><strong>etc.</strong></span> <span class='ocrx_word' id='word_1_157' title='bbox 1079 1950 1306 2005; x_wconf 83' lang='lat' dir='ltr'><strong>Exinde</strong></span> <span class='ocrx_word' id='word_1_158' title='bbox 1348 1953 1592 2006; x_wconf 88' lang='lat' dir='ltr'><strong>tenetur</strong></span> <span class='ocrx_word' id='word_1_159' title='bbox 1633 1951 1897 2007; x_wconf 86' lang='lat' dir='ltr'><strong>conferre</strong></span> <span class='ocrx_word' id='word_1_160' title='bbox 1941 1952 1999 2006; x_wconf 91' lang='lat' dir='ltr'><strong>in</strong></span> <span class='ocrx_word' id='word_1_161' title='bbox 2043 1951 2211 2021; x_wconf 87' lang='lat' dir='ltr'><strong>gravi</strong></span> <span class='ocrx_word' id='word_1_162' title='bbox 2255 1966 2457 2008; x_wconf 88' lang='lat' dir='ltr'><strong>neces-</strong></span> 
     </span>
     <span class='ocr_line' id='line_1_19' title="bbox 212 2039 2456 2112; baseline -0.001 -12"><span class='ocrx_word' id='word_1_163' title='bbox 212 2045 387 2100; x_wconf 87' lang='lat' dir='ltr'><strong>sitate</strong></span> <span class='ocrx_word' id='word_1_164' title='bbox 430 2044 800 2098; x_wconf 85' lang='lat' dir='ltr'><strong>sacramenta</strong></span> <span class='ocrx_word' id='word_1_165' title='bbox 829 2039 1163 2096; x_wconf 89' lang='lat' dir='ltr'><strong>necessaria</strong></span> <span class='ocrx_word' id='word_1_166' title='bbox 1193 2040 1549 2096; x_wconf 89' lang='lat' dir='ltr'><strong>necessitate</strong></span> <span class='ocrx_word' id='word_1_167' title='bbox 1580 2040 1776 2103; x_wconf 88' lang='lat' dir='ltr'><strong>medii,</strong></span> <span class='ocrx_word' id='word_1_168' title='bbox 1822 2040 2002 2096; x_wconf 85' lang='lat' dir='ltr'><strong>etiam</strong></span> <span class='ocrx_word' id='word_1_169' title='bbox 2033 2057 2165 2096; x_wconf 88' lang='lat' dir='ltr'><strong>cum</strong></span> <span class='ocrx_word' id='word_1_170' title='bbox 2193 2041 2456 2112; x_wconf 86' lang='lat' dir='ltr'><strong>periculo</strong></span> 
     </span>
     <span class='ocr_line' id='line_1_20' title="bbox 214 2128 2456 2204; baseline -0 -15"><span class='ocrx_word' id='word_1_171' title='bbox 214 2136 373 2189; x_wconf 87' lang='lat' dir='ltr'><strong>vitae</strong></span> <span class='ocrx_word' id='word_1_172' title='bbox 423 2132 524 2204; x_wconf 86' lang='lat'>(3);</span> <span class='ocrx_word' id='word_1_173' title='bbox 575 2135 642 2185; x_wconf 89' lang='lat' dir='ltr'><strong>ut</strong></span> <span class='ocrx_word' id='word_1_174' title='bbox 695 2147 834 2186; x_wconf 91' lang='lat' dir='ltr'><strong>ecce</strong></span> <span class='ocrx_word' id='word_1_175' title='bbox 886 2132 1051 2199; x_wconf 88' lang='lat' dir='ltr'><strong>peste</strong></span> <span class='ocrx_word' id='word_1_176' title='bbox 1106 2129 1340 2185; x_wconf 83' lang='lat' dir='ltr'><strong>infectis</strong></span> <span class='ocrx_word' id='word_1_177' title='bbox 1394 2128 1501 2201; x_wconf 89' lang='lat'>(4):</span> <span class='ocrx_word' id='word_1_178' title='bbox 1560 2134 1758 2184; x_wconf 87' lang='lat' dir='ltr'><strong>utrum</strong></span> <span class='ocrx_word' id='word_1_179' title='bbox 1807 2132 1869 2186; x_wconf 89' lang='lat' dir='ltr'><strong>et</strong></span> <span class='ocrx_word' id='word_1_180' title='bbox 1917 2131 2353 2196; x_wconf 85' lang='lat' dir='ltr'><strong>eucharistiam,</strong></span> <span class='ocrx_word' id='word_1_181' title='bbox 2395 2135 2456 2188; x_wconf 89' lang='lat' dir='ltr'><strong>et</strong></span> 
     </span>
     <span class='ocr_line' id='line_1_21' title="bbox 212 2218 2458 2296; baseline -0 -16"><span class='ocrx_word' id='word_1_182' title='bbox 212 2223 493 2296; x_wconf 87' lang='lat' dir='ltr'><strong>(aegrotis</strong></span> <span class='ocrx_word' id='word_1_183' title='bbox 515 2221 811 2289; x_wconf 84' lang='lat' dir='ltr'><strong>confessis)</strong></span> <span class='ocrx_word' id='word_1_184' title='bbox 839 2222 984 2274; x_wconf 79' lang='lat' dir='ltr'><strong>extr.</strong></span> <span class='ocrx_word' id='word_1_185' title='bbox 1011 2222 1190 2284; x_wconf 73' lang='lat' dir='ltr'><strong>unct,</strong></span> <span class='ocrx_word' id='word_1_186' title='bbox 1222 2235 1337 2274; x_wconf 90' lang='lat' dir='ltr'><strong>non</strong></span> <span class='ocrx_word' id='word_1_187' title='bbox 1364 2220 1509 2275; x_wconf 88' lang='lat' dir='ltr'><strong>satis</strong></span> <span class='ocrx_word' id='word_1_188' title='bbox 1532 2222 1764 2275; x_wconf 88' lang='lat' dir='ltr'><strong>constat</strong></span> <span class='ocrx_word' id='word_1_189' title='bbox 1784 2218 1874 2291; x_wconf 88' lang='lat'><strong>(5).</strong></span> <span class='ocrx_word' id='word_1_190' title='bbox 1899 2221 1976 2275; x_wconf 92' lang='lat' dir='ltr'><strong>At</strong></span> <span class='ocrx_word' id='word_1_191' title='bbox 2007 2222 2065 2276; x_wconf 91' lang='lat' dir='ltr'><strong>in</strong></span> <span class='ocrx_word' id='word_1_192' title='bbox 2098 2223 2458 2280; x_wconf 84' lang='lat' dir='ltr'><strong>necessitate</strong></span> 
     </span>
    </p>
   </div>
   <div class='ocr_carea' id='block_1_10' title="bbox 215 2399 2468 2474">
    <p class='ocr_par' dir='ltr' id='par_1_11' title="bbox 215 2399 2468 2474">
     <span class='ocr_line' id='line_1_22' title="bbox 215 2399 2468 2474; baseline -0.002 -8"><span class='ocrx_word' id='word_1_193' title='bbox 215 2419 368 2466; x_wconf 90' lang='lat' dir='ltr'><strong>nibus</strong></span> <span class='ocrx_word' id='word_1_194' title='bbox 403 2416 668 2463; x_wconf 88' lang='lat' dir='ltr'><strong>audiendis</strong></span> <span class='ocrx_word' id='word_1_195' title='bbox 704 2418 826 2461; x_wconf 90' lang='lat' dir='ltr'><strong>sunt</strong></span> <span class='ocrx_word' id='word_1_196' title='bbox 858 2413 1139 2474; x_wconf 85' lang='lat' dir='ltr'><strong>approbati,</strong></span> <span class='ocrx_word' id='word_1_197' title='bbox 1173 2414 1282 2474; x_wconf 86' lang='lat' dir='ltr'><strong>cogi</strong></span> <span class='ocrx_word' id='word_1_198' title='bbox 1386 2417 1568 2461; x_wconf 78' lang='lat' dir='ltr'><strong>cerdos</strong></span> <span class='ocrx_word' id='word_1_199' title='bbox 1601 2413 1670 2472; x_wconf 91' lang='lat' dir='ltr'><strong>(S.</strong></span> <span class='ocrx_word' id='word_1_200' title='bbox 1698 2413 1896 2470; x_wconf 88' lang='lat' dir='ltr'><strong>Euseb.,</strong></span> <span class='ocrx_word' id='word_1_201' title='bbox 1920 2414 2084 2474; x_wconf 83' lang='lat' dir='ltr'><strong>Epist.</strong></span> <span class='ocrx_word' id='word_1_202' title='bbox 2111 2418 2182 2461; x_wconf 84' lang='lat' dir='ltr'><strong>ad</strong></span> <span class='ocrx_word' id='word_1_203' title='bbox 2205 2399 2468 2474; x_wconf 42' lang='lat' dir='ltr'><strong>Damas.).&#39;</strong></span> 
     </span>
    </p>
   </div>
   <div class='ocr_carea' id='block_1_11' title="bbox 219 2483 2464 2551">
    <p class='ocr_par' dir='ltr' id='par_1_12' title="bbox 219 2483 2464 2551">
     <span class='ocr_line' id='line_1_23' title="bbox 219 2483 2464 2551; baseline -0.002 -15"><span class='ocrx_word' id='word_1_204' title='bbox 219 2492 441 2551; x_wconf 88' lang='lat' dir='ltr'><strong>possunt</strong></span> <span class='ocrx_word' id='word_1_205' title='bbox 471 2487 696 2534; x_wconf 87' lang='lat' dir='ltr'><strong>coetibus</strong></span> <span class='ocrx_word' id='word_1_206' title='bbox 720 2485 899 2533; x_wconf 84' lang='lat' dir='ltr'><strong>adesse</strong></span> <span class='ocrx_word' id='word_1_207' title='bbox 928 2483 989 2531; x_wconf 93' lang='lat' dir='ltr'><strong>ab</strong></span> <span class='ocrx_word' id='word_1_208' title='bbox 1021 2485 1283 2544; x_wconf 88' lang='lat' dir='ltr'><strong>Episcop0,</strong></span> <span class='ocrx_word' id='word_1_209' title='bbox 1448 2485 1507 2529; x_wconf 86' lang='grc'><strong>22</strong></span> <span class='ocrx_word' id='word_1_210' title='bbox 1540 2486 1599 2530; x_wconf 79' lang='lat' dir='ltr'><strong>Si</strong></span> <span class='ocrx_word' id='word_1_211' title='bbox 1622 2498 1811 2542; x_wconf 78' lang='lat' dir='ltr'><strong>peccas</strong></span> <span class='ocrx_word' id='word_1_212' title='bbox 1839 2488 1897 2532; x_wconf 82' lang='lat' dir='ltr'><strong>in</strong></span> <span class='ocrx_word' id='word_1_213' title='bbox 1926 2486 2240 2542; x_wconf 79' lang='lat' dir='ltr'><strong>Sacerdotio,</strong></span> <span class='ocrx_word' id='word_1_214' title='bbox 2256 2489 2464 2545; x_wconf 77' lang='lat' dir='ltr'><strong>periisti</strong></span> 
     </span>
    </p>
   </div>
   <div class='ocr_carea' id='block_1_12' title="bbox 218 2554 2488 2618">
    <p class='ocr_par' dir='ltr' id='par_1_13' title="bbox 218 2554 2488 2618">
     <span class='ocr_line' id='line_1_24' title="bbox 218 2554 2488 2618; baseline -0.002 -11"><span class='ocrx_word' id='word_1_215' title='bbox 218 2559 421 2607; x_wconf 81' lang='lat' dir='ltr'><strong>casibus</strong></span> <span class='ocrx_word' id='word_1_216' title='bbox 456 2557 793 2604; x_wconf 88' lang='lat' dir='ltr'><strong>conscientiae</strong></span> <span class='ocrx_word' id='word_1_217' title='bbox 821 2555 1132 2609; x_wconf 87' lang='lat' dir='ltr'><strong>evolvendis,</strong></span> <span class='ocrx_word' id='word_1_218' title='bbox 1155 2554 1290 2599; x_wconf 90' lang='lat' dir='ltr'><strong>indi·</strong></span> <span class='ocrx_word' id='word_1_219' title='bbox 1388 2556 1458 2606; x_wconf 68' lang='lat' dir='ltr'><strong>(S.</strong></span> <span class='ocrx_word' id='word_1_220' title='bbox 1489 2557 1631 2602; x_wconf 88' lang='lat' dir='ltr'><strong>Joan.</strong></span> <span class='ocrx_word' id='word_1_221' title='bbox 1668 2556 1847 2610; x_wconf 68' lang='lat' dir='ltr'><strong>Chris„</strong></span> <span class='ocrx_word' id='word_1_222' title='bbox 1870 2558 2058 2603; x_wconf 80' lang='lat' dir='ltr'><strong>Homil.</strong></span> <span class='ocrx_word' id='word_1_223' title='bbox 2084 2558 2136 2601; x_wconf 88' lang='grc'><strong>41</strong></span> <span class='ocrx_word' id='word_1_224' title='bbox 2166 2558 2218 2603; x_wconf 88' lang='lat' dir='ltr'><strong>in</strong></span> <span class='ocrx_word' id='word_1_225' title='bbox 2242 2557 2459 2618; x_wconf 60' lang='lat' dir='ltr'><strong>matth).</strong></span> <span class='ocrx_word' id='word_1_226' title='bbox 2485 2592 2488 2594; x_wconf 85' lang='grc'>-</span> 
     </span>
    </p>
   </div>
   <div class='ocr_carea' id='block_1_13' title="bbox 218 2624 2454 2687">
    <p class='ocr_par' dir='ltr' id='par_1_14' title="bbox 218 2624 2454 2687">
     <span class='ocr_line' id='line_1_25' title="bbox 218 2624 2454 2687; baseline -0.001 -10"><span class='ocrx_word' id='word_1_227' title='bbox 218 2632 342 2685; x_wconf 87' lang='lat' dir='ltr'><strong>ctis;</strong></span> <span class='ocrx_word' id='word_1_228' title='bbox 366 2628 606 2677; x_wconf 88' lang='lat' dir='ltr'><strong>Canonici</strong></span> <span class='ocrx_word' id='word_1_229' title='bbox 631 2639 827 2687; x_wconf 91' lang='lat' dir='ltr'><strong>quoque</strong></span> <span class='ocrx_word' id='word_1_230' title='bbox 851 2624 1171 2674; x_wconf 87' lang='lat' dir='ltr'><strong>Cathedralis</strong></span> <span class='ocrx_word' id='word_1_231' title='bbox 1194 2627 1286 2671; x_wconf 91' lang='lat' dir='ltr'><strong>Ec·</strong></span> <span class='ocrx_word' id='word_1_232' title='bbox 1389 2628 1527 2672; x_wconf 87' lang='lat' dir='ltr'><strong>Proh</strong></span> <span class='ocrx_word' id='word_1_233' title='bbox 1561 2630 1735 2673; x_wconf 81' lang='lat' dir='ltr'><strong>dolor!</strong></span> <span class='ocrx_word' id='word_1_234' title='bbox 1766 2628 2141 2683; x_wconf 60' lang='lat' dir='ltr'><strong>ingrediuntur</strong></span> <span class='ocrx_word' id='word_1_235' title='bbox 2173 2629 2324 2675; x_wconf 78' lang='lat' dir='ltr'><strong>electi</strong></span> <span class='ocrx_word' id='word_1_236' title='bbox 2354 2628 2454 2674; x_wconf 78' lang='lat' dir='ltr'><strong>Sa·</strong></span> 
     </span>
    </p>
   </div>
   <div class='ocr_carea' id='block_1_14' title="bbox 217 2697 2486 2827">
    <p class='ocr_par' dir='ltr' id='par_1_15' title="bbox 217 2697 2486 2827">
     <span class='ocr_line' id='line_1_26' title="bbox 219 2697 2486 2755; baseline -0.001 -8"><span class='ocrx_word' id='word_1_237' title='bbox 219 2702 400 2748; x_wconf 82' lang='lat' dir='ltr'><strong>elesiae</strong></span> <span class='ocrx_word' id='word_1_238' title='bbox 435 2699 503 2755; x_wconf 65' lang='lat' dir='ltr'><strong>(S.</strong></span> <span class='ocrx_word' id='word_1_239' title='bbox 539 2699 592 2746; x_wconf 88' lang='lat' dir='ltr'><strong>C.</strong></span> <span class='ocrx_word' id='word_1_240' title='bbox 625 2698 677 2743; x_wconf 87' lang='lat' dir='ltr'><strong>C.</strong></span> <span class='ocrx_word' id='word_1_241' title='bbox 710 2699 769 2742; x_wconf 81' lang='grc'><strong>26</strong></span> <span class='ocrx_word' id='word_1_242' title='bbox 794 2698 907 2744; x_wconf 89' lang='lat' dir='ltr'><strong>Jan.</strong></span> <span class='ocrx_word' id='word_1_243' title='bbox 937 2697 1089 2755; x_wconf 91' lang='grc'>1732),</span> <span class='ocrx_word' id='word_1_244' title='bbox 1123 2700 1173 2741; x_wconf 91' lang='lat' dir='ltr'><strong>et</strong></span> <span class='ocrx_word' id='word_1_245' title='bbox 1195 2697 1285 2742; x_wconf 86' lang='lat' dir='ltr'><strong>Pa·</strong></span> <span class='ocrx_word' id='word_1_246' title='bbox 1389 2700 1653 2744; x_wconf 69' lang='lat' dir='ltr'><strong>cei-dotum</strong></span> <span class='ocrx_word' id='word_1_247' title='bbox 1686 2699 1926 2744; x_wconf 77' lang='lat' dir='ltr'><strong>manibus</strong></span> <span class='ocrx_word' id='word_1_248' title='bbox 1973 2699 2179 2755; x_wconf 75' lang='lat' dir='ltr'><strong>expiati</strong></span> <span class='ocrx_word' id='word_1_249' title='bbox 2222 2701 2486 2747; x_wconf 70' lang='lat' dir='ltr'><strong>celestem</strong></span> 
     </span>
     <span class='ocr_line' id='line_1_27' title="bbox 217 2767 2483 2827; baseline -0.003 -8"><span class='ocrx_word' id='word_1_250' title='bbox 217 2772 355 2819; x_wconf 88' lang='lat' dir='ltr'><strong>rochi</strong></span> <span class='ocrx_word' id='word_1_251' title='bbox 391 2771 498 2818; x_wconf 85' lang='lat' dir='ltr'><strong>sive</strong></span> <span class='ocrx_word' id='word_1_252' title='bbox 531 2770 836 2823; x_wconf 78' lang='lat' dir='ltr'><strong>saeculareS,</strong></span> <span class='ocrx_word' id='word_1_253' title='bbox 877 2770 986 2814; x_wconf 87' lang='lat' dir='ltr'><strong>sive</strong></span> <span class='ocrx_word' id='word_1_254' title='bbox 1028 2767 1286 2827; x_wconf 85' lang='lat' dir='ltr'><strong>regulares</strong></span> <span class='ocrx_word' id='word_1_255' title='bbox 1384 2770 1644 2826; x_wconf 81' lang='lat' dir='ltr'><strong>patriam,</strong></span> <span class='ocrx_word' id='word_1_256' title='bbox 1670 2770 1719 2814; x_wconf 79' lang='lat' dir='ltr'><strong>et</strong></span> <span class='ocrx_word' id='word_1_257' title='bbox 1741 2768 2041 2815; x_wconf 77' lang='lat' dir='ltr'><strong>Sacerdotes</strong></span> <span class='ocrx_word' id='word_1_258' title='bbox 2063 2770 2168 2826; x_wconf 74' lang='lat' dir='ltr'><strong>ipsi</strong></span> <span class='ocrx_word' id='word_1_259' title='bbox 2186 2781 2284 2827; x_wconf 80' lang='lat' dir='ltr'><strong>per</strong></span> <span class='ocrx_word' id='word_1_260' title='bbox 2315 2771 2483 2816; x_wconf 76' lang='lat' dir='ltr'><strong>viam.</strong></span> 
     </span>
    </p>
   </div>
   <div class='ocr_carea' id='block_1_15' title="bbox 217 2838 2465 3397">
    <p class='ocr_par' dir='ltr' id='par_1_16' title="bbox 217 2838 2465 3111">
     <span class='ocr_line' id='line_1_28' title="bbox 217 2838 2454 2902; baseline -0.001 -13"><span class='ocrx_word' id='word_1_261' title='bbox 217 2844 284 2901; x_wconf 92' lang='lat' dir='ltr'><strong>(S.</strong></span> <span class='ocrx_word' id='word_1_262' title='bbox 321 2843 372 2888; x_wconf 86' lang='lat' dir='ltr'><strong>C.</strong></span> <span class='ocrx_word' id='word_1_263' title='bbox 410 2842 462 2888; x_wconf 91' lang='lat' dir='ltr'><strong>C.</strong></span> <span class='ocrx_word' id='word_1_264' title='bbox 496 2856 571 2902; x_wconf 90' lang='lat' dir='ltr'><strong>ap.</strong></span> <span class='ocrx_word' id='word_1_265' title='bbox 605 2840 800 2894; x_wconf 87' lang='lat' dir='ltr'><strong>Lucidi,</strong></span> <span class='ocrx_word' id='word_1_266' title='bbox 835 2838 946 2886; x_wconf 89' lang='lat' dir='ltr'><strong>Vol.</strong></span> <span class='ocrx_word' id='word_1_267' title='bbox 979 2838 1014 2894; x_wconf 94' lang='grc' dir='ltr'>Ι,</span> <span class='ocrx_word' id='word_1_268' title='bbox 1049 2852 1094 2898; x_wconf 91' lang='lat' dir='ltr'><strong>p.</strong></span> <span class='ocrx_word' id='word_1_269' title='bbox 1130 2838 1254 2890; x_wconf 80' lang='lat'>485).</span> <span class='ocrx_word' id='word_1_270' title='bbox 1389 2841 1662 2897; x_wconf 79' lang='lat' dir='ltr'><strong>reprobam</strong></span> <span class='ocrx_word' id='word_1_271' title='bbox 1689 2841 1745 2885; x_wconf 79' lang='lat' dir='ltr'><strong>in</strong></span> <span class='ocrx_word' id='word_1_272' title='bbox 1778 2838 1982 2895; x_wconf 78' lang='lat' dir='ltr'><strong>inferni</strong></span> <span class='ocrx_word' id='word_1_273' title='bbox 2012 2841 2275 2897; x_wconf 77' lang='lat' dir='ltr'><strong>supplicia</strong></span> <span class='ocrx_word' id='word_1_274' title='bbox 2298 2838 2454 2898; x_wconf 76' lang='lat' dir='ltr'><strong>festi-</strong></span> 
     </span>
     <span class='ocr_line' id='line_1_29' title="bbox 288 2909 2462 2969; baseline -0 -10"><span class='ocrx_word' id='word_1_275' title='bbox 288 2915 339 2959; x_wconf 85' lang='lat'><strong>17</strong></span> <span class='ocrx_word' id='word_1_276' title='bbox 372 2915 450 2959; x_wconf 80' lang='lat' dir='ltr'><strong>Ex</strong></span> <span class='ocrx_word' id='word_1_277' title='bbox 484 2912 661 2966; x_wconf 86' lang='lat' dir='ltr'><strong>Levit.,</strong></span> <span class='ocrx_word' id='word_1_278' title='bbox 694 2911 800 2966; x_wconf 87' lang='lat' dir='ltr'><strong>XX,</strong></span> <span class='ocrx_word' id='word_1_279' title='bbox 833 2910 906 2955; x_wconf 90' lang='grc'><strong>27.</strong></span> <span class='ocrx_word' id='word_1_280' title='bbox 1391 2914 1524 2956; x_wconf 76' lang='lat' dir='ltr'><strong>nant</strong></span> <span class='ocrx_word' id='word_1_281' title='bbox 1546 2909 1616 2967; x_wconf 92' lang='lat' dir='ltr'><strong>(S.</strong></span> <span class='ocrx_word' id='word_1_282' title='bbox 1638 2909 1783 2968; x_wconf 86' lang='lat' dir='ltr'><strong>Greg.</strong></span> <span class='ocrx_word' id='word_1_283' title='bbox 1804 2909 1884 2964; x_wconf 92' lang='grc' dir='ltr'>Μ.,</span> <span class='ocrx_word' id='word_1_284' title='bbox 1903 2912 2045 2955; x_wconf 85' lang='lat' dir='ltr'><strong>Hom.</strong></span> <span class='ocrx_word' id='word_1_285' title='bbox 2070 2911 2123 2955; x_wconf 88' lang='lat'><strong>17</strong></span> <span class='ocrx_word' id='word_1_286' title='bbox 2145 2913 2202 2957; x_wconf 81' lang='lat' dir='ltr'><strong>in</strong></span> <span class='ocrx_word' id='word_1_287' title='bbox 2226 2911 2462 2969; x_wconf 60' lang='lat' dir='ltr'><strong>Ermum).</strong></span> 
     </span>
     <span class='ocr_line' id='line_1_30' title="bbox 288 2979 2465 3040; baseline -0.001 -11"><span class='ocrx_word' id='word_1_288' title='bbox 288 2985 341 3029; x_wconf 89' lang='lat'><strong>18</strong></span> <span class='ocrx_word' id='word_1_289' title='bbox 374 2983 567 3035; x_wconf 71' lang='lat' dir='ltr'><strong>Matth„</strong></span> <span class='ocrx_word' id='word_1_290' title='bbox 601 2982 657 3035; x_wconf 88' lang='lat' dir='ltr'><strong>V,</strong></span> <span class='ocrx_word' id='word_1_291' title='bbox 698 2982 762 3035; x_wconf 89' lang='lat'><strong>13,</strong></span> <span class='ocrx_word' id='word_1_292' title='bbox 802 2982 870 3027; x_wconf 88' lang='lat'><strong>14.</strong></span> <span class='ocrx_word' id='word_1_293' title='bbox 1457 2979 2465 3040; x_wconf 79' lang='lat' dir='ltr'><strong>1S.Alph,11,40;S.C.C.29Jan.1727,</strong></span> 
     </span>
     <span class='ocr_line' id='line_1_31' title="bbox 286 3050 2462 3111; baseline -0.001 -12"><span class='ocrx_word' id='word_1_294' title='bbox 286 3055 341 3099; x_wconf 86' lang='lat'><strong>19</strong></span> <span class='ocrx_word' id='word_1_295' title='bbox 371 3054 546 3108; x_wconf 85' lang='lat' dir='ltr'><strong>Levit.,</strong></span> <span class='ocrx_word' id='word_1_296' title='bbox 581 3051 714 3107; x_wconf 84' lang='lat' dir='ltr'><strong>XXI,</strong></span> <span class='ocrx_word' id='word_1_297' title='bbox 746 3053 789 3097; x_wconf 87' lang='lat'><strong>6.</strong></span> <span class='ocrx_word' id='word_1_298' title='bbox 830 3052 895 3097; x_wconf 91' lang='lat' dir='ltr'><strong>Et</strong></span> <span class='ocrx_word' id='word_1_299' title='bbox 941 3056 1065 3099; x_wconf 82' lang='lat' dir='ltr'><strong>ante</strong></span> <span class='ocrx_word' id='word_1_300' title='bbox 1111 3053 1289 3099; x_wconf 81' lang='lat' dir='ltr'><strong>omnia</strong></span> <span class='ocrx_word' id='word_1_301' title='bbox 1393 3065 1470 3111; x_wconf 87' lang='lat' dir='ltr'><strong>ap.</strong></span> <span class='ocrx_word' id='word_1_302' title='bbox 1503 3052 1621 3098; x_wconf 90' lang='lat' dir='ltr'><strong>Ben.</strong></span> <span class='ocrx_word' id='word_1_303' title='bbox 1657 3050 1788 3103; x_wconf 88' lang='lat' dir='ltr'>XIV,</span> <span class='ocrx_word' id='word_1_304' title='bbox 1811 3051 1923 3097; x_wconf 89' lang='lat' dir='ltr'><strong>Not.</strong></span> <span class='ocrx_word' id='word_1_305' title='bbox 1955 3051 2051 3098; x_wconf 87' lang='grc'>105.</span> <span class='ocrx_word' id='word_1_306' title='bbox 2076 3050 2222 3106; x_wconf 81' lang='lat' dir='ltr'><strong>Nam,</strong></span> <span class='ocrx_word' id='word_1_307' title='bbox 2253 3053 2299 3098; x_wconf 91' lang='lat' dir='ltr'><strong>si</strong></span> <span class='ocrx_word' id='word_1_308' title='bbox 2331 3051 2462 3099; x_wconf 89' lang='lat' dir='ltr'><strong>nulli</strong></span> 
     </span>
    </p>

    <p class='ocr_par' dir='ltr' id='par_1_17' title="bbox 223 3120 2462 3182">
     <span class='ocr_line' id='line_1_32' title="bbox 223 3120 2462 3182; baseline -0.003 -8"><span class='ocrx_word' id='word_1_309' title='bbox 223 3129 468 3174; x_wconf 80' lang='lat' dir='ltr'><strong>castitate</strong></span> <span class='ocrx_word' id='word_1_310' title='bbox 521 3128 701 3172; x_wconf 79' lang='lat' dir='ltr'><strong>debent</strong></span> <span class='ocrx_word' id='word_1_311' title='bbox 751 3125 953 3180; x_wconf 66' lang='grc' dir='ltr'><strong>πρέποι·</strong></span> <span class='ocrx_word' id='word_1_312' title='bbox 985 3123 1287 3181; x_wconf 79' lang='lat' dir='ltr'><strong>(chrysost.‚</strong></span> <span class='ocrx_word' id='word_1_313' title='bbox 1390 3122 1597 3167; x_wconf 87' lang='lat' dir='ltr'><strong>fuerant</strong></span> <span class='ocrx_word' id='word_1_314' title='bbox 1631 3121 1691 3167; x_wconf 86' lang='lat' dir='ltr'><strong>ab</strong></span> <span class='ocrx_word' id='word_1_315' title='bbox 1725 3122 1883 3175; x_wconf 90' lang='lat' dir='ltr'><strong>initio,</strong></span> <span class='ocrx_word' id='word_1_316' title='bbox 1923 3120 1975 3167; x_wconf 89' lang='lat' dir='ltr'><strong>id</strong></span> <span class='ocrx_word' id='word_1_317' title='bbox 2020 3122 2180 3181; x_wconf 83' lang='lat' dir='ltr'><strong>exigit</strong></span> <span class='ocrx_word' id='word_1_318' title='bbox 2221 3122 2462 3182; x_wconf 87' lang='lat' dir='ltr'><strong>suscepta</strong></span> 
     </span>
    </p>

    <p class='ocr_par' dir='ltr' id='par_1_18' title="bbox 226 3191 2462 3252">
     <span class='ocr_line' id='line_1_33' title="bbox 226 3191 2462 3252; baseline -0.003 -10"><span class='ocrx_word' id='word_1_319' title='bbox 226 3199 367 3242; x_wconf 87' lang='lat' dir='ltr'><strong>Hom.</strong></span> <span class='ocrx_word' id='word_1_320' title='bbox 383 3198 435 3239; x_wconf 85' lang='grc'>41</span> <span class='ocrx_word' id='word_1_321' title='bbox 459 3197 510 3240; x_wconf 93' lang='lat' dir='ltr'><strong>in</strong></span> <span class='ocrx_word' id='word_1_322' title='bbox 527 3197 716 3252; x_wconf 57' lang='lat' dir='ltr'><strong>Levia),</strong></span> <span class='ocrx_word' id='word_1_323' title='bbox 729 3198 778 3240; x_wconf 89' lang='lat' dir='ltr'><strong>et</strong></span> <span class='ocrx_word' id='word_1_324' title='bbox 794 3193 1087 3240; x_wconf 86' lang='lat' dir='ltr'><strong>ebrietatem</strong></span> <span class='ocrx_word' id='word_1_325' title='bbox 1102 3193 1287 3252; x_wconf 88' lang='lat' dir='ltr'><strong>fugere,</strong></span> <span class='ocrx_word' id='word_1_326' title='bbox 1393 3193 1631 3252; x_wconf 86' lang='lat' dir='ltr'><strong>obligatio</strong></span> <span class='ocrx_word' id='word_1_327' title='bbox 1646 3193 1719 3245; x_wconf 86' lang='lat' dir='ltr'><strong>(L.</strong></span> <span class='ocrx_word' id='word_1_328' title='bbox 1738 3192 1801 3247; x_wconf 87' lang='lat'><strong>17,</strong></span> <span class='ocrx_word' id='word_1_329' title='bbox 1818 3192 1899 3251; x_wconf 70' lang='lat'><strong>53,</strong></span> <span class='ocrx_word' id='word_1_330' title='bbox 1916 3192 2206 3252; x_wconf 61' lang='lat' dir='ltr'><strong>Commod),</strong></span> <span class='ocrx_word' id='word_1_331' title='bbox 2219 3192 2268 3237; x_wconf 82' lang='lat' dir='ltr'><strong>si</strong></span> <span class='ocrx_word' id='word_1_332' title='bbox 2285 3191 2462 3252; x_wconf 86' lang='lat' dir='ltr'><strong>postea</strong></span> 
     </span>
    </p>

    <p class='ocr_par' dir='ltr' id='par_1_19' title="bbox 225 3262 2205 3328">
     <span class='ocr_line' id='line_1_34' title="bbox 225 3262 2205 3328; baseline -0.003 -15"><span class='ocrx_word' id='word_1_333' title='bbox 225 3282 356 3328; x_wconf 85' lang='lat' dir='ltr'><strong>quae</strong></span> <span class='ocrx_word' id='word_1_334' title='bbox 388 3268 440 3311; x_wconf 92' lang='lat' dir='ltr'><strong>in</strong></span> <span class='ocrx_word' id='word_1_335' title='bbox 465 3266 748 3319; x_wconf 81' lang='lat' dir='ltr'><strong>Sacerdote,</strong></span> <span class='ocrx_word' id='word_1_336' title='bbox 772 3266 845 3311; x_wconf 89' lang='lat' dir='ltr'><strong>ait</strong></span> <span class='ocrx_word' id='word_1_337' title='bbox 868 3264 916 3312; x_wconf 90' lang='lat' dir='ltr'><strong>S.</strong></span> <span class='ocrx_word' id='word_1_338' title='bbox 941 3265 1120 3310; x_wconf 89' lang='lat' dir='ltr'><strong>Petrus</strong></span> <span class='ocrx_word' id='word_1_339' title='bbox 1148 3263 1293 3311; x_wconf 88' lang='lat' dir='ltr'><strong>Chri·</strong></span> <span class='ocrx_word' id='word_1_340' title='bbox 1394 3265 1692 3317; x_wconf 83' lang='lat' dir='ltr'><strong>interierint,</strong></span> <span class='ocrx_word' id='word_1_341' title='bbox 1727 3262 1987 3309; x_wconf 88' lang='lat' dir='ltr'><strong>discedere</strong></span> <span class='ocrx_word' id='word_1_342' title='bbox 2019 3265 2205 3322; x_wconf 86' lang='lat' dir='ltr'><strong>potest.</strong></span> 
     </span>
    </p>

    <p class='ocr_par' dir='ltr' id='par_1_20' title="bbox 229 3332 2288 3397">
     <span class='ocr_line' id='line_1_35' title="bbox 229 3332 2288 3397; baseline -0.002 -13"><span class='ocrx_word' id='word_1_343' title='bbox 229 3338 436 3397; x_wconf 89' lang='lat' dir='ltr'><strong>sologus</strong></span> <span class='ocrx_word' id='word_1_344' title='bbox 472 3336 644 3389; x_wconf 73' lang='lat' dir='ltr'><strong>(Serm.</strong></span> <span class='ocrx_word' id='word_1_345' title='bbox 678 3337 767 3390; x_wconf 77' lang='grc'>26),</span> <span class='ocrx_word' id='word_1_346' title='bbox 802 3337 1137 3393; x_wconf 69' lang='lat' dir='ltr'><strong>sacrileqz‘um</strong></span> <span class='ocrx_word' id='word_1_347' title='bbox 1172 3338 1259 3382; x_wconf 78' lang='lat' dir='ltr'><strong>est.</strong></span> <span class='ocrx_word' id='word_1_348' title='bbox 1455 3334 1484 3378; x_wconf 88' lang='grc'>2</span> <span class='ocrx_word' id='word_1_349' title='bbox 1518 3333 1567 3381; x_wconf 89' lang='lat' dir='ltr'><strong>S.</strong></span> <span class='ocrx_word' id='word_1_350' title='bbox 1590 3333 1759 3395; x_wconf 81' lang='lat' dir='ltr'><strong>Alph.,</strong></span> <span class='ocrx_word' id='word_1_351' title='bbox 1785 3332 1846 3388; x_wconf 91' lang='grc' dir='ltr'>ΙΙ,</span> <span class='ocrx_word' id='word_1_352' title='bbox 1879 3334 1951 3388; x_wconf 88' lang='grc'>27,</span> <span class='ocrx_word' id='word_1_353' title='bbox 1985 3346 2032 3379; x_wconf 85' lang='lat' dir='ltr'><strong>v.</strong></span> <span class='ocrx_word' id='word_1_354' title='bbox 2066 3334 2210 3385; x_wconf 84' lang='lat' dir='ltr'><strong>Dico,</strong></span> <span class='ocrx_word' id='word_1_355' title='bbox 2241 3333 2288 3379; x_wconf 82' lang='lat'><strong>2.</strong></span> 
     </span>
    </p>
   </div>
   <div class='ocr_carea' id='block_1_16' title="bbox 226 3401 2467 3604">
    <p class='ocr_par' dir='ltr' id='par_1_21' title="bbox 226 3401 2467 3604">
     <span class='ocr_line' id='line_1_36' title="bbox 287 3401 2404 3464; baseline -0.002 -11"><span class='ocrx_word' id='word_1_356' title='bbox 287 3408 346 3453; x_wconf 91' lang='grc'><strong>20</strong></span> <span class='ocrx_word' id='word_1_357' title='bbox 383 3409 610 3453; x_wconf 79' lang='lat' dir='ltr'><strong>Grandis</strong></span> <span class='ocrx_word' id='word_1_358' title='bbox 648 3410 880 3463; x_wconf 71' lang='lat' dir='ltr'><strong>diynitas</strong></span> <span class='ocrx_word' id='word_1_359' title='bbox 911 3406 1292 3459; x_wconf 81' lang='lat' dir='ltr'><strong>Sacerdotalis;</strong></span> <span class='ocrx_word' id='word_1_360' title='bbox 1456 3406 1485 3450; x_wconf 89' lang='lat'><strong>3</strong></span> <span class='ocrx_word' id='word_1_361' title='bbox 1517 3406 1563 3450; x_wconf 90' lang='lat' dir='ltr'><strong>S.</strong></span> <span class='ocrx_word' id='word_1_362' title='bbox 1595 3405 1762 3464; x_wconf 90' lang='lat' dir='ltr'><strong>Alph.,</strong></span> <span class='ocrx_word' id='word_1_363' title='bbox 1795 3404 1855 3458; x_wconf 93' lang='lat' dir='ltr'><strong>II,</strong></span> <span class='ocrx_word' id='word_1_364' title='bbox 1888 3404 1974 3462; x_wconf 87' lang='grc'><strong>27;</strong></span> <span class='ocrx_word' id='word_1_365' title='bbox 2007 3403 2068 3450; x_wconf 90' lang='grc' dir='ltr'><strong>Η.</strong></span> <span class='ocrx_word' id='word_1_366' title='bbox 2102 3405 2160 3450; x_wconf 90' lang='grc' dir='ltr'><strong>Α.</strong></span> <span class='ocrx_word' id='word_1_367' title='bbox 2188 3401 2295 3459; x_wconf 88' lang='lat' dir='ltr'><strong>VII,</strong></span> <span class='ocrx_word' id='word_1_368' title='bbox 2329 3402 2404 3449; x_wconf 83' lang='grc'><strong>28.</strong></span> 
     </span>
     <span class='ocr_line' id='line_1_37' title="bbox 226 3472 2467 3536; baseline -0.002 -12"><span class='ocrx_word' id='word_1_369' title='bbox 226 3480 546 3536; x_wconf 71' lang='lat' dir='ltr'><strong>sedarandis</strong></span> <span class='ocrx_word' id='word_1_370' title='bbox 556 3478 718 3523; x_wconf 80' lang='lat' dir='ltr'><strong>ruina</strong></span> <span class='ocrx_word' id='word_1_371' title='bbox 728 3480 773 3522; x_wconf 84' lang='lat' dir='ltr'><strong>si</strong></span> <span class='ocrx_word' id='word_1_372' title='bbox 774 3476 1063 3535; x_wconf 63' lang='lat' dir='ltr'><strong>peccentffi.</strong></span> <span class='ocrx_word' id='word_1_373' title='bbox 1075 3475 1294 3530; x_wconf 69' lang='lat' dir='ltr'><strong>Hieron,</strong></span> <span class='ocrx_word' id='word_1_374' title='bbox 1457 3479 1484 3520; x_wconf 91' lang='grc'>4</span> <span class='ocrx_word' id='word_1_375' title='bbox 1503 3476 1670 3530; x_wconf 87' lang='lat' dir='ltr'><strong>Salm.,</strong></span> <span class='ocrx_word' id='word_1_376' title='bbox 1684 3477 1758 3528; x_wconf 89' lang='grc'>26,</span> <span class='ocrx_word' id='word_1_377' title='bbox 1772 3477 1815 3528; x_wconf 88' lang='grc'>6,</span> <span class='ocrx_word' id='word_1_378' title='bbox 1829 3475 1908 3532; x_wconf 87' lang='grc'><strong>33;</strong></span> <span class='ocrx_word' id='word_1_379' title='bbox 1923 3475 2041 3535; x_wconf 87' lang='lat' dir='ltr'><strong>ibiq.</strong></span> <span class='ocrx_word' id='word_1_380' title='bbox 2063 3474 2224 3528; x_wconf 72' lang='lat' dir='ltr'><strong>Suar„</strong></span> <span class='ocrx_word' id='word_1_381' title='bbox 2238 3472 2360 3528; x_wconf 69' lang='lat' dir='ltr'><strong>Pal„</strong></span> <span class='ocrx_word' id='word_1_382' title='bbox 2374 3475 2467 3520; x_wconf 86' lang='lat' dir='ltr'><strong>etc.</strong></span> 
     </span>
     <span class='ocr_line' id='line_1_38' title="bbox 231 3542 2466 3604; baseline -0.004 -8"><span class='ocrx_word' id='word_1_383' title='bbox 231 3552 285 3596; x_wconf 88' lang='lat' dir='ltr'><strong>in</strong></span> <span class='ocrx_word' id='word_1_384' title='bbox 319 3550 373 3599; x_wconf 87' lang='lat' dir='ltr'><strong>C.</strong></span> <span class='ocrx_word' id='word_1_385' title='bbox 406 3551 477 3603; x_wconf 81' lang='lat'><strong>44,</strong></span> <span class='ocrx_word' id='word_1_386' title='bbox 511 3548 791 3602; x_wconf 86' lang='lat' dir='ltr'><strong>Ezechiel.).</strong></span> <span class='ocrx_word' id='word_1_387' title='bbox 1276 3563 1281 3567; x_wconf 85' lang='grc'><em>·</em></span> <span class='ocrx_word' id='word_1_388' title='bbox 1458 3547 1488 3591; x_wconf 90' lang='grc'>5</span> <span class='ocrx_word' id='word_1_389' title='bbox 1510 3547 1581 3595; x_wconf 88' lang='lat' dir='ltr'><strong>cf.</strong></span> <span class='ocrx_word' id='word_1_390' title='bbox 1604 3546 1722 3592; x_wconf 90' lang='lat' dir='ltr'><strong>Ben.</strong></span> <span class='ocrx_word' id='word_1_391' title='bbox 1746 3545 1875 3604; x_wconf 87' lang='lat' dir='ltr'><strong>XIV,</strong></span> <span class='ocrx_word' id='word_1_392' title='bbox 1895 3547 1972 3592; x_wconf 87' lang='lat' dir='ltr'><strong>De</strong></span> <span class='ocrx_word' id='word_1_393' title='bbox 2005 3546 2121 3603; x_wconf 78' lang='lat' dir='ltr'><strong>Syn.</strong></span> <span class='ocrx_word' id='word_1_394' title='bbox 2154 3542 2289 3599; x_wconf 86' lang='lat' dir='ltr'><strong>XIII,</strong></span> <span class='ocrx_word' id='word_1_395' title='bbox 2317 3543 2385 3599; x_wconf 80' lang='lat'><strong>19,</strong></span> <span class='ocrx_word' id='word_1_396' title='bbox 2409 3545 2466 3601; x_wconf 90' lang='lat'><strong>8;</strong></span> 
     </span>
    </p>
   </div>
   <div class='ocr_carea' id='block_1_17' title="bbox 233 3613 2468 3888">
    <p class='ocr_par' dir='ltr' id='par_1_22' title="bbox 233 3613 2468 3888">
     <span class='ocr_line' id='line_1_39' title="bbox 292 3613 2468 3678; baseline -0.001 -15"><span class='ocrx_word' id='word_1_397' title='bbox 292 3620 345 3663; x_wconf 88' lang='grc'>21</span> <span class='ocrx_word' id='word_1_398' title='bbox 373 3620 426 3669; x_wconf 84' lang='lat' dir='ltr'><strong>C.</strong></span> <span class='ocrx_word' id='word_1_399' title='bbox 449 3622 491 3674; x_wconf 91' lang='lat'><strong>7,</strong></span> <span class='ocrx_word' id='word_1_400' title='bbox 517 3620 546 3678; x_wconf 68' lang='grc' dir='ltr'><strong>ς</strong></span> <span class='ocrx_word' id='word_1_401' title='bbox 573 3619 615 3677; x_wconf 91' lang='grc'>3,</span> <span class='ocrx_word' id='word_1_402' title='bbox 633 3620 709 3666; x_wconf 90' lang='lat' dir='ltr'><strong>De</strong></span> <span class='ocrx_word' id='word_1_403' title='bbox 733 3620 862 3664; x_wconf 75' lang='lat' dir='ltr'><strong>Volo.</strong></span> <span class='ocrx_word' id='word_1_404' title='bbox 890 3621 1097 3667; x_wconf 80' lang='lat' dir='ltr'><strong>Ruinae</strong></span> <span class='ocrx_word' id='word_1_405' title='bbox 1111 3619 1296 3676; x_wconf 78' lang='lat' dir='ltr'><strong>populi</strong></span> <span class='ocrx_word' id='word_1_406' title='bbox 1399 3618 1446 3664; x_wconf 92' lang='lat' dir='ltr'><strong>S.</strong></span> <span class='ocrx_word' id='word_1_407' title='bbox 1463 3617 1628 3677; x_wconf 86' lang='lat' dir='ltr'><strong>Alph.,</strong></span> <span class='ocrx_word' id='word_1_408' title='bbox 1649 3616 1731 3671; x_wconf 93' lang='lat' dir='ltr'><strong>VI,</strong></span> <span class='ocrx_word' id='word_1_409' title='bbox 1748 3617 1852 3662; x_wconf 81' lang='lat'><strong>233.</strong></span> <span class='ocrx_word' id='word_1_410' title='bbox 1874 3616 2064 3676; x_wconf 87' lang='lat' dir='ltr'><strong>Nempe</strong></span> <span class='ocrx_word' id='word_1_411' title='bbox 2086 3627 2202 3662; x_wconf 87' lang='lat' dir='ltr'><strong>curn</strong></span> <span class='ocrx_word' id='word_1_412' title='bbox 2225 3613 2350 3660; x_wconf 88' lang='lat' dir='ltr'><strong>haec</strong></span> <span class='ocrx_word' id='word_1_413' title='bbox 2366 3626 2468 3661; x_wconf 87' lang='lat' dir='ltr'><strong>non</strong></span> 
     </span>
     <span class='ocr_line' id='line_1_40' title="bbox 233 3683 2468 3749; baseline -0.002 -14"><span class='ocrx_word' id='word_1_414' title='bbox 233 3691 535 3737; x_wconf 77' lang='lat' dir='ltr'><strong>Sacerdotes</strong></span> <span class='ocrx_word' id='word_1_415' title='bbox 566 3691 697 3735; x_wconf 78' lang='lat' dir='ltr'><strong>mali</strong></span> <span class='ocrx_word' id='word_1_416' title='bbox 714 3689 784 3748; x_wconf 91' lang='lat' dir='ltr'><strong>(S.</strong></span> <span class='ocrx_word' id='word_1_417' title='bbox 808 3689 956 3749; x_wconf 88' lang='lat' dir='ltr'><strong>Greg.</strong></span> <span class='ocrx_word' id='word_1_418' title='bbox 979 3689 1058 3743; x_wconf 91' lang='grc' dir='ltr'>Μ.,</span> <span class='ocrx_word' id='word_1_419' title='bbox 1081 3689 1189 3736; x_wconf 90' lang='lat' dir='ltr'><strong>Lib.</strong></span> <span class='ocrx_word' id='word_1_420' title='bbox 1214 3688 1299 3745; x_wconf 89' lang='lat' dir='ltr'><strong>IV,</strong></span> <span class='ocrx_word' id='word_1_421' title='bbox 1399 3688 1627 3735; x_wconf 83' lang='lat' dir='ltr'><strong>recidant</strong></span> <span class='ocrx_word' id='word_1_422' title='bbox 1674 3689 1726 3734; x_wconf 91' lang='lat' dir='ltr'><strong>in</strong></span> <span class='ocrx_word' id='word_1_423' title='bbox 1772 3687 2100 3735; x_wconf 89' lang='lat' dir='ltr'><strong>Sacramenta</strong></span> <span class='ocrx_word' id='word_1_424' title='bbox 2142 3683 2468 3731; x_wconf 82' lang='lat' dir='ltr'><strong>necessitatis</strong></span> 
     </span>
     <span class='ocr_line' id='line_1_41' title="bbox 233 3757 1803 3822; baseline -0.001 -16"><span class='ocrx_word' id='word_1_425' title='bbox 233 3761 415 3822; x_wconf 85' lang='lat' dir='ltr'><strong>(Epist.</strong></span> <span class='ocrx_word' id='word_1_426' title='bbox 448 3762 544 3819; x_wconf 89' lang='lat'>64).</span> <span class='ocrx_word' id='word_1_427' title='bbox 577 3762 645 3806; x_wconf 83' lang='lat' dir='ltr'><strong>Et</strong></span> <span class='ocrx_word' id='word_1_428' title='bbox 669 3763 822 3807; x_wconf 81' lang='lat' dir='ltr'><strong>nulla</strong></span> <span class='ocrx_word' id='word_1_429' title='bbox 853 3766 988 3807; x_wconf 81' lang='lat' dir='ltr'><strong>certe</strong></span> <span class='ocrx_word' id='word_1_430' title='bbox 1020 3762 1077 3806; x_wconf 81' lang='lat' dir='ltr'><strong>in</strong></span> <span class='ocrx_word' id='word_1_431' title='bbox 1108 3763 1302 3807; x_wconf 78' lang='lat' dir='ltr'><strong>mundo</strong></span> <span class='ocrx_word' id='word_1_432' title='bbox 1403 3757 1478 3815; x_wconf 76' lang='lat' dir='ltr'><strong>(V.</strong></span> <span class='ocrx_word' id='word_1_433' title='bbox 1512 3762 1541 3813; x_wconf 69' lang='grc' dir='ltr'><strong>ἓ</strong></span> <span class='ocrx_word' id='word_1_434' title='bbox 1578 3759 1678 3816; x_wconf 89' lang='grc'>107,</span> <span class='ocrx_word' id='word_1_435' title='bbox 1714 3759 1803 3815; x_wconf 88' lang='grc'>19).</span> 
     </span>
     <span class='ocr_line' id='line_1_42' title="bbox 241 3831 1303 3888; baseline -0.002 -10"><span class='ocrx_word' id='word_1_436' title='bbox 241 3837 354 3878; x_wconf 80' lang='lat' dir='ltr'><strong>tam</strong></span> <span class='ocrx_word' id='word_1_437' title='bbox 384 3834 613 3880; x_wconf 73' lang='lat' dir='ltr'><strong>crudelis</strong></span> <span class='ocrx_word' id='word_1_438' title='bbox 637 3832 815 3882; x_wconf 75' lang='lat' dir='ltr'><strong>bestia,</strong></span> <span class='ocrx_word' id='word_1_439' title='bbox 838 3843 995 3888; x_wconf 80' lang='lat' dir='ltr'><strong>quam</strong></span> <span class='ocrx_word' id='word_1_440' title='bbox 1014 3833 1189 3876; x_wconf 73' lang='lat' dir='ltr'><strong>malus</strong></span> <span class='ocrx_word' id='word_1_441' title='bbox 1210 3831 1303 3877; x_wconf 81' lang='lat' dir='ltr'><strong>Sa-</strong></span> 
     </span>
    </p>
   </div>
   <div class='ocr_carea' id='block_1_18' title="bbox 2332 0 2632 182">
    <p class='ocr_par' dir='ltr' id='par_1_23' title="bbox 2332 0 2632 182">
     <span class='ocr_line' id='line_1_43' title="bbox 2332 0 2632 182; baseline 0 3912"><span class='ocrx_word' id='word_1_442' title='bbox 2332 0 2632 182; x_wconf 95' lang='lat' dir='ltr'><strong> </strong></span> 
     </span>
    </p>
   </div>
  </div>
 </body>
</html>
