2632 4094
254 116 355 175 368
846 135 990 176 ιιιιειι
1024 137 1095 177 ιιι.
1127 150 1151 164 -
1183 138 1358 179 macr.
1393 136 1457 177 vi.
1493 137 1559 176 ιιι
1593 137 1903 180 namucum

256 232 370 273 non
406 219 596 287 potest
622 215 760 289 (19),
788 216 1167 275 nihilominus
1194 219 1243 275 si
1284 219 1498 275 mulier
1528 234 1658 276 eam
1688 232 1987 291 nunquam
2017 217 2336 291 acceperit,
2361 187 2493 276 dari

256 306 490 377 poterit.
521 306 619 360 nbi
664 321 735 362 ea
775 306 942 376 viget
981 310 1361 373 consuetud0,
1390 309 1517 365 sive
1559 312 1703 365 tunc
1737 308 1986 379 primum
2012 306 2147 381 (20),
2179 307 2308 366 sive
2347 310 2492 366 tunc

259 399 473 451 iterum
505 394 617 468 (21)
650 397 849 452 nubat.
880 398 1115 462 Verum,
1147 402 1213 455 ut
1240 399 1664 456 confessionem
1706 398 2075 454 matrimonio
2102 397 2293 469 sponsi
2325 410 2498 470 prae·
2535 404 2538 413 ·’

255 486 514 550 mittant,
555 486 667 541 etsi
711 486 766 541 in
810 488 977 543 letali
1018 490 1352 551 versentur.
1395 489 1526 558 cogi
1571 503 1684 543 non
1728 491 1969 558 possunt
1998 485 2126 558 (22).

329 575 455 630 465.
487 576 703 630 Verum
734 577 880 632 haec
913 578 984 633 de
1013 577 1402 633 matrimoniis
1430 577 1853 632 catholicorum
1884 576 2040 632 inter
2079 591 2173 632 se:
2205 576 2265 631 in
2293 577 2495 644 mimir,

256 664 426 728 idest,
444 680 516 719 ex
533 665 878 735 disparitate
902 666 1097 722 cultus
1119 667 1446 737 impropria,
1470 671 1610 721 sunt
1631 667 1920 738 quaedam
1944 666 2238 737 specialia.
2254 665 2490 722 Etenim

253 754 541 809 celebrari
584 755 799 811 debent
835 754 1086 825 (etiamsi
1131 757 1272 811 fiant
1314 773 1387 812 ex
1414 756 1849 825 dispensatione
1879 753 2233 826 Apostolica)
2259 754 2488 811 omissis

254 844 747 914 publicationibus
789 843 918 916 (23),
971 846 1132 900 nulla
1186 845 1451 900 adbibita
1505 845 1934 909 benedictione,
1976 845 2114 910 ritu,
2160 848 2266 902 aut
2321 845 2489 903 veste

252 950 439 998 sacra,
468 938 637 990 extra
666 935 975 990 ecclesiam
1006 938 1065 991 et
1094 935 1419 991 sacristiam
1448 934 1595 1008 (24):
1631 934 2012 990 nihilominus
2039 934 2088 990 si
2119 950 2195 991 ex
2222 935 2329 991 hoc
2357 949 2492 1006 gra·

253 1025 418 1080 viora
457 1025 670 1080 damna
708 1041 778 1080 ac
818 1025 974 1080 mala
1012 1026 1351 1089 timeantur,
1394 1025 1520 1080 fieri
1558 1029 1798 1095 possunt
1830 1025 1886 1079 in
1917 1024 2365 1095 ecclesiajuxta
2389 1023 2485 1079 Ri-

251 1114 413 1170 tuale
436 1114 744 1170 dioecesan
756 1131 868 1176 um.
890 1117 1105 1170 emolusa
1134 1122 1303 1168 tamen
1330 1132 1524 1185 semper
1551 1117 1742 1168 Missae
1769 1116 2097 1168 celebratione
2117 1111 2246 1187 (25).
2271 1114 2490 1170 Verum

250 1206 298 1260 si
342 1219 476 1275 pars
523 1205 825 1260 haeretica
887 1206 1229 1276 promittere
1277 1206 1423 1260 nolit
1480 1206 1858 1260 educaturam
1907 1220 1970 1259 se
2019 1218 2222 1260 omnes
2274 1202 2489 1260 liberos

252 1294 582 1349 nascituros
615 1293 673 1347 in
703 1293 994 1364 religione
1023 1294 1330 1358 catholica,
1361 1296 1647 1365 parochus
1674 1294 1929 1348 abstinere
1957 1296 2091 1348 debet
2117 1310 2150 1347 ιι
2178 1301 2495 1363 quocumque

250 1386 542 1437 interventu
574 1358 845 1454 (26)‚¹liisi
887 1383 1229 1439 Ordinarius
1270 1383 1700 1440 existimaverit
1741 1384 1930 1453 magis
1972 1383 2254 1453 expedire
2292 1372 2486 1439 coram

250 1489 319 1531 eo
359 1473 666 1535 celebrari,
710 1488 885 1543 quam
926 1488 1119 1528 coram
1150 1473 1417 1528 ministro
1444 1473 1788 1537 acatholicO,
1828 1474 1904 1528 ad
1934 1487 2107 1543 quem
2137 1473 2288 1528 alias
2315 1471 2491 1528 facile

249 1563 445 1634 sponsi
473 1563 862 1632 confugerent
887 1562 1020 1635 (27).
1053 1565 1127 1617 At
1155 1564 1201 1619 si
1234 1563 1311 1627 hi,
1339 1567 1480 1619 ante
1523 1563 1616 1618 vel
1660 1566 1786 1632 post
1826 1562 2261 1618 matrimonium
2293 1576 2488 1618 coram

250 1670 319 1710 eo
347 1654 726 1715 celebratum,
757 1654 1104 1707 contrahant
1134 1653 1311 1708 etiam
1342 1653 1401 1706 in
1432 1652 1688 1707 ecclesia
1715 1651 2167 1722 protestantium
2209 1651 2327 1707 ritu
2361 1665 2490 1722 pro-

250 1744 585 1808 testanti00‚
618 1743 753 1797 huic
792 1742 1074 1798 assistere
1113 1758 1298 1811 grave
1340 1744 1431 1797 est
1458 1739 1591 1813 (28).
1621 1739 1833 1796 Contra
1861 1741 1910 1795 si
1944 1755 2294 1797 consensum
2327 1756 2491 1812 prae·

249 1834 452 1889 stitum
496 1849 690 1887 coram
738 1832 1005 1887 ministro
1047 1832 1365 1897 haeretico,
1414 1846 1700 1887 renovare
1742 1830 1930 1886 velint
1969 1845 2164 1885 coram
2218 1830 2487 1886 ministro

252 1923 558 1986 catholicO,
603 1923 650 1977 is
689 1924 808 1976 huic
848 1925 1174 1975 matrimonio
1213 1939 1316 1975 non
1343 1925 1567 1986 intersit,
1594 1924 1703 1975 nisi
1727 1923 1946 1975 servatis
1974 1921 2263 1985 servandis,
2289 1929 2336 1976 ec
2355 1937 2491 1991 pars

250 2014 513 2074 catholica,
534 2014 677 2079 facti
684 2015 964 2082 poenitens,
989 2014 1356 2066 absolutionem
1377 2028 1410 2063 a
1430 2014 1710 2065 contractis
1723 2013 1869 2076 forte
1895 2013 2133 2065 censuris
2163 2011 2324 2081 prius
2344 2009 2494 2065 obti-

252 2104 452 2158 nuerit
479 2103 608 2173 (29).

331 2195 458 2248 466.
501 2193 589 2247 Ad
634 2193 899 2247 ultimum
952 2193 1254 2247 videamus
1304 2194 1503 2246 utrum
1553 2192 1690 2246 filiis
1740 2190 1904 2245 nefas
1944 2190 2040 2255 sit,
2079 2191 2325 2244 naturali
2350 2190 2488 2260 jure

250 2284 405 2339 coire
437 2283 672 2352 nuptias
701 2283 922 2346 invitis,
945 2282 1039 2337 vel
1070 2281 1420 2336 inconsultis
1442 2284 1760 2349 parentibus.
1791 2279 2102 2349 Principio,
2131 2280 2203 2335 de
2232 2279 2349 2334 fide
2378 2281 2487 2345 est,

250 2373 434 2428 coitas
474 2375 635 2427 ratas
675 2387 830 2435 esse;
862 2375 921 2426 et
950 2372 1049 2442 qui
1083 2372 1178 2426 vel
1210 2371 1264 2425 id
1307 2374 1550 2439 negant,
1581 2370 1675 2426 vel
1703 2371 2016 2434 affirmant,
2050 2371 2323 2439 parentes
2355 2369 2490 2424 illas

315 2552 368 2595 19
401 2551 451 2596 C.
488 2550 539 2596 C.
581 2551 617 2603 l,
650 2549 690 2594 3.
725 2551 801 2598 De
836 2550 1017 2598 Secun.
1053 2550 1211 2606 Nupt.

309 2622 368 2666 20
401 2621 502 2667 Rit.
539 2622 694 2673 Rom„
728 2624 757 2674 ἓ
797 2621 864 2666 14.

310 2694 362 2738 21
402 2694 478 2738 Ex
514 2691 565 2738 S.
597 2692 652 2738 U.
688 2692 725 2739 I.
753 2692 938 2745 caval..
963 2693 1061 2739 Rit.
1086 2693 1315 2749 Eoepens.

253 2765 375 2824 Cap.
414 2766 481 2817 15,
513 2769 540 2819 ἓ
571 2765 613 2810 2.
645 2764 847 2810 Scilicet
878 2764 1002 2810 haec
1036 2763 1318 2810 benedictio

253 2836 522 2882 foeminam
549 2848 662 2882 cum
688 2836 864 2896 primis
894 2836 1118 2896 attingit,
1142 2835 1204 2881 ad
1230 2836 1319 2880 rni-

255 2921 362 2961 nas,
397 2907 457 2953 de
491 2906 676 2967 quibus
715 2906 910 2961 Genes.,
945 2906 1029 2963 111,
1071 2907 1135 2959 16,
1170 2919 1313 2952 aver-

253 2978 447 3024 tendas.

312 3048 371 3091 22
404 3050 559 3107 Gury,
595 3049 655 3102 11,
689 3051 792 3094 774.

311 3119 368 3163 23
381 3120 502 3165 Pius
519 3119 599 3172 VI,
618 3122 779 3177 Epist.
799 3124 867 3166 ad
890 3121 1039 3165 Card.
1056 3120 1133 3166 De
1153 3121 1320 3166 Fran-

250 3194 479 3246 kenbery.
503 3191 559 3234 23
582 3191 682 3237 Jul.
707 3191 833 3235 1782.
854 3190 963 3236 Nisi
984 3189 1312 3236 metuendum

253 3262 336 3314 sit,
369 3274 430 3306 ne
465 3262 592 3306 alias
635 3262 826 3307 sistant
870 3275 1036 3307 coram
1084 3261 1317 3306 ministro

251 3331 503 3376 haeretico
529 3332 756 3390 (Gregor.
789 3331 901 3377 XVI
937 3331 1000 3377 ad
1036 3332 1316 3391 Episcopos

251 3402 508 3454 Bavariae,
548 3402 597 3444 17
632 3403 767 3460 Sept.
806 3403 958 3460 1834).

305 3472 363 3515 24
389 3472 507 3517 Pius
527 3471 608 3525 VI,
627 3475 700 3517 Ad
724 3474 954 3530 Episcop.
978 3474 1316 3531 mechliniam,

256 3541 306 3585 13
329 3543 430 3588 .ῘιιΙ.
460 3543 583 3586 1783.
609 3543 683 3587 Ex
708 3543 848 3588 Decr.
875 3544 922 3590 S.
946 3544 1004 3589 U.
1031 3544 1085 3598 1.,
1109 3544 1165 3588 25
1188 3543 1314 3589 Nov.

257 3612 382 3656 1838.
419 3612 619 3666 Verum,
652 3616 770 3672 post
802 3615 977 3660 literas
1006 3615 1133 3660 Emi
1166 3613 1312 3661 Card.

250 3683 509 3727 Antonelli
542 3684 592 3726 15
614 3684 739 3729 Nov.
768 3685 894 3738 1858,
917 3685 1200 3731 benedictio
1224 3699 1320 3730 nu-

255 3754 446 3811 ptialis,
480 3755 687 3800 exclusa
710 3755 881 3808 Missa,
906 3756 1089 3802 alicubi
1115 3770 1213 3802 non
1236 3755 1319 3800 de·

256 3828 471 3881 negatur
506 3826 586 3879 <De
621 3824 810 3883 Angel.,
840 3827 1010 3871 Prael.
1045 3828 1158 3871 Jur.
1200 3826 1321 3872 Can.

1419 2547 1458 2603 1,
1491 2546 1574 2603 IV,
1606 2547 1705 2603 22):
1740 2551 1789 2592 et
1821 2547 1968 2593 hodie
2003 2560 2064 2592 ne
2089 2546 2234 2593 Italis
2269 2546 2490 2607 quidem»

1480 2619 1540 2662 25
1586 2617 1826 2664 Instruct.
1874 2618 1934 2663 25
1980 2617 2101 2664 Nov.
2161 2617 2288 2672 1858,
2330 2617 2483 2679 jussu

1422 2690 1494 2735 Pii
1528 2689 1614 2735 IX.
1646 2690 1862 2743 Missae,
1894 2690 2124 2749 cujusvis
2163 2689 2389 2749 inquam,
2439 2691 2493 2736 et

1419 2773 1518 2805 non
1554 2764 1754 2806 tantum
1781 2773 1881 2818 pro
1914 2773 2113 2818 sponso,
2151 2765 2198 2808 et
2228 2771 2437 2818 sponsa.
2469 2781 2477 2788 ·

1480 2831 1538 2875 26
1571 2831 1617 2877 S.
1652 2832 1709 2878 U.
1742 2832 1792 2885 1.,
1834 2833 1882 2876 17
1917 2833 2033 2878 Jun.
2073 2833 2201 2880 1829.

1480 2905 1796 2950 271nstruct.
1821 2904 1995 2950 addita
2012 2905 2167 2952 Liter.
2185 2905 2332 2966 Greg.
2351 2902 2482 2960 xv1,

1419 2975 1478 3019 20
1495 2977 1613 3034 Apr.
1641 2976 1767 3030 1841,
1791 2979 1861 3021 ad
1884 2978 2102 3021 Primat.
2128 2981 2176 3024 et
2197 2976 2488 3034 Episcopos.

1421 3047 1741 3103 Hunaariae.

1481 3117 1538 3161 28
1573 3117 1620 3163 S.
1652 3117 1711 3164 U.
1744 3118 1797 3170 1.,
1832 3118 1878 3161 21
1921 3120 2039 3176 Apr.
2079 3118 2209 3164 1847.
2239 3116 2298 3164 V.
2330 3116 2487 3176 Gury,

1419 3188 1482 3242 ΙΙ,
1502 3190 1604 3241 829,
1624 3189 1724 3244 830,
1744 3188 1910 3248 ibique
1932 3187 2187 3234 Ballerini.
2208 3186 2411 3240 Verum.
2428 3187 2489 3234 li-

1421 3262 1500 3305 cet
1523 3260 1703 3305 sistere
1727 3272 1893 3305 coram
1917 3258 2150 3304 ministro
2169 3257 2489 3318 protestanti,

1422 3331 1466 3377 si
1499 3332 1543 3375 is
1578 3332 1806 3384 assistat,
1838 3343 1941 3376 non
1975 3334 2034 3375 ut
2065 3331 2303 3378 minister
2340 3331 2492 3376 addi-

1420 3406 1532 3447 ctus
1556 3404 1747 3455 sacris,
1779 3405 1869 3447 sed
1901 3405 1962 3446 ut
1982 3402 2224 3447 minister
2239 3401 2489 3460 politicus

1419 3474 1490 3530 (S.
1524 3474 1580 3519 U.
1617 3473 1668 3525 1.‚
1704 3473 1762 3516 29
1792 3473 1913 3518 Nov.
1956 3472 2088 3526 1679,
2120 3470 2238 3517 Ben.
2266 3466 2395 3524 XIV,
2417 3471 2490 3518 De

1427 3546 1564 3600 Syn„
1597 3543 1680 3595 VI,
1718 3543 1825 3595 VII,
1858 3544 1922 3599 2).

1482 3614 1541 3658 29
1573 3614 1617 3658 S.
1651 3613 1708 3658 U.
1742 3614 1792 3666 1.‚
1830 3613 1880 3656 17
1913 3611 2036 3658 febr.
2064 3613 2198 3669 1864;
2227 3610 2272 3657 s,
2295 3611 2485 3658 Poenit.

1423 3686 1482 3728 22
1513 3685 1657 3730 Mart.
1687 3683 1814 3729 1870.
1846 3684 1923 3731 De
1948 3684 2178 3729 Matrim.
2204 3683 2404 3728 mixtis.
2428 3681 2488 3729 V.

1424 3757 1578 3815 Lugo,
1616 3757 1690 3803 De
1722 3758 1843 3815 fide,
1875 3754 1950 3809 22,
1986 3753 2070 3807 12;
2107 3755 2157 3798 et
2189 3751 2345 3806 pont„
2375 3754 2484 3812 Ap·

1424 3827 1571 3886 pend.
1608 3826 1669 3872 ad
1703 3825 1808 3872 Lib.
1845 3823 1951 3871 VII.
