2632 4094
227 125 329 182 224
655 144 798 182 tini-:n
834 142 900 181 m.
935 155 960 168 -
992 143 1165 182 macr.
1202 145 1234 182 1.
1271 145 1337 183 οι·
1371 144 1713 187 amoenamus
1749 145 1802 188 m
1832 147 2037 191 *exutus
2382 185 2386 197 .
2435 191 2451 214 Ὗ
2472 188 2493 197 ..

227 226 618 288 irreverentia
657 228 848 281 cessat
885 226 1012 298 (15).
1042 226 1157 282 Alii
1199 228 1318 283 alia
1358 229 1458 284 via
1498 244 1621 285 rem
1662 230 2008 301 expediunt:
2049 233 2262 291 docent
2302 227 2483 293 enim*
2515 220 2632 298 {33⁴

226 315 454 371 licitum
485 330 614 370 esse
656 315 934 371 simulare
961 315 1537 373 administrationem
1578 320 1932 376 sacramenti
1968 322 2240 395 (excepto
2266 338 2463 381 sacer·
2511 311 2513 314 Α

223 405 425 472 dotio);
470 420 582 459 nou
625 405 862 475 quidem
905 406 1226 461 formaliter
1262 405 1392 477 (16).
1435 408 1538 463 sed
1579 408 1967 467 materialiter
2007 411 2094 482 (V.
2123 413 2192 478 11,
2225 414 2263 483 ἓ
2301 412 2460 487 297);
2515 419 2522 427 ’

225 508 434 563 nempe
463 496 692 549 mutata
722 496 1195 551 substantialiter
1223 497 1491 559 materia,
1523 497 1619 552 vel
1658 496 1839 553 forma
1865 497 1998 572 (17).
2028 501 2158 567 Sed,
2185 502 2233 558 si
2266 517 2460 575 neque
2614 494 2632 553 ‘ff

224 584 331 638 hoc
358 584 486 638 sine
531 584 789 653 periculo
830 585 924 641 vel
968 586 1096 640 sine
1139 585 1416 640 scandalo
1458 585 1582 641 fieri
1628 586 1823 656 possit,
1866 588 2007 643 mibi
2035 592 2297 647 secunda
2327 606 2459 648 sen-
2591 581 2596 586 “

222 674 410 729 tentia
450 674 792 730 nullatenus
820 675 1119 744 displicet;
1163 674 1301 744 quia
1343 676 1717 730 sacramenta
1751 676 2018 733 conferre
2049 678 2311 750 indignis
2345 695 2456 736 non

220 765 310 817 est
341 778 443 832 per
469 778 532 819 se
563 764 778 818 malum
810 764 861 833 (ἓ
883 765 1008 824 248.
1039 763 1109 835 l),
1140 764 1239 818 sed
1265 765 1483 819 caritas
1507 767 1740 819 tantum
1763 768 1928 821 vetat
1950 770 2248 838 cooperari
2279 771 2459 826 sacri-

221 851 376 921 legio
402 854 805 923 suscipientis:
836 854 1053 909 caritas
1079 856 1282 909 autem
1316 868 1428 908 non
1457 853 1684 923 obligat
1713 869 1845 909 cum
1878 856 2237 913 incommodo
2265 858 2455 929 gravi.

1140 1077 1531 1131 APPENDIX.

327 1214 407 1255 DE:
447 1214 682 1255 RITIBUS
722 1214 1060 1255 SERVANDIS
1101 1214 1163 1254 IN
1204 1213 1753 1254 ADMINISTRATIONE
1796 1214 2356 1268 SACRAMENTORUM,

740 1304 817 1344 ΕΤ
856 1304 934 1344 DE
978 1303 1407 1345 SACRAMENTIS
1448 1302 1569 1342 NON
1610 1303 1951 1346 ITERANDIS.

2460 1400 2468 1434 i

290 1487 416 1541 265.
434 1486 759 1554 Supersunt
783 1483 1099 1539 nonnullae
1122 1482 1628 1553 quaestiunculae.
1645 1484 1716 1537 Et
1739 1483 1921 1553 primo
1943 1499 2095 1555 quae
2118 1485 2454 1543 ministrum

213 1578 526 1631 observare
567 1574 835 1643 oporteat
877 1572 935 1626 in
976 1571 1489 1627 administratione
1529 1576 2047 1629 sacramentorum.
2078 1576 2152 1630 Et
2193 1575 2454 1646 profecto
2512 1623 2515 1626 ,

213 1681 285 1721 ea
325 1664 539 1727 omnia,
581 1677 771 1734 eaque
811 1662 933 1717 sola
974 1676 1213 1717 servare
1255 1662 1449 1723 debet,
1492 1676 1644 1731 quae
1684 1663 1758 1717 ab
1799 1663 2066 1719 Ecclesia
2105 1665 2451 1730 constituta,

211 1755 306 1811 vel
350 1755 593 1825 probata
634 1754 773 1807 suut
803 1750 893 1823 (l).
924 1752 996 1805 Et
1033 1750 1212 1820 primo
1241 1752 1305 1806 ut
1346 1753 1715 1806 sacramenta
1756 1752 2018 1807 conferat
2060 1753 2120 1808 in
2153 1754 2451 1819 Ecclesia;

210 1861 416 1901 verum
445 1844 518 1899 de
560 1844 683 1906 hoc,
713 1858 846 1897 cum
888 1857 1000 1897 non
1043 1841 1119 1895 sit
1160 1843 1526 1910 perpetuum,
1557 1840 1678 1895 suis
1720 1841 1876 1895 locis,
1905 1842 2126 1898 Deinde
2173 1845 2238 1900 ut
2274 1845 2338 1900 in
2364 1859 2450 1900 sa·

209 1934 526 1990 oramentis
552 1931 1037 1987 administrandis
1072 1933 1274 1984 utatur
1313 1929 1761 2000 superpelliceO,
1792 1946 1861 1985 ac
1891 1932 2146 2002 desuper
2173 1932 2328 1989 stola
2355 1931 2452 2007 (2):

209 2025 310 2080 sed
353 2024 412 2078 in
454 2025 719 2078 extrema
761 2020 1115 2076 necessitate
1157 2019 1481 2089 baptismus
1522 2021 1582 2073 et
1625 2020 1986 2088 poenitentia
2027 2021 2156 2078 sine
2197 2022 2289 2079 his
2316 2037 2472 2079 con--
2529 2067 2534 2074 .
2626 2045 2632 2056 =

209 2114 348 2170 ferri
394 2116 652 2184 possunt,
696 2112 867 2165 immo
908 2112 970 2165 et
1012 2109 1393 2170 confirmatiO,
1431 2110 1491 2163 et
1520 2109 1581 2162 E.
1613 2110 1674 2164 U.
1707 2108 1804 2180 (3);
1841 2112 1900 2164 et
1943 2110 2131 2179 ipsum
2170 2111 2452 2168 viaticum

209 2204 436 2260 deferre
479 2203 606 2258 siue
645 2201 827 2257 sacris
869 2199 1152 2262 vestibuS,
1195 2198 1242 2253 si
1283 2200 1507 2268 absque
1561 2198 1882 2254 offensione
1925 2202 2050 2254 fieri
2095 2201 2294 2271 possit,
2335 2217 2450 2258 non
2525 2240 2527 2243 -
2614 2208 2632 2258 ῑ·

209 2297 299 2349 est
339 2293 611 2348 illicitum
658 2291 754 2363 (4).
799 2291 886 2344 Ad
931 2291 1075 2344 haec
1106 2302 1352 2344 necesse
1383 2289 1560 2343 babet
1602 2290 2000 2344 coeremonias
2050 2290 2332 2348 adhibere
2377 2292 2452 2348 ab

274 2473 328 2517 15
359 2471 516 2530 Lugo,
549 2468 682 2522 VIII,
724 2468 828 2512 181:
863 2466 1021 2519 Suar,
1066 2463 1279 2518 Gobbat‚

208 2544 290 2588 Το.
324 2541 362 2595 I,
394 2555 439 2586 n.
472 2540 581 2595 2733
609 2539 817 2589 Dicast„
851 2550 898 2582 n.
923 2537 1035 2590 2923
1067 2536 1276 2595 Sporer„

205 2628 254 2659 n.
293 2614 398 2664 188;
435 2611 627 2665 Escob.,
659 2623 707 2656 n.
739 2609 842 2654 537.
877 2608 1004 2654 Nam
1039 2607 1198 2667 ajunt,
1233 2607 1279 2653 si

205 2685 331 2730 mihi
377 2684 496 2729 licet
544 2682 661 2727 dare
703 2679 911 2739 indigno
960 2677 1022 2723 ad
1070 2678 1278 2735 famam

204 2756 371 2815 ipsius
418 2753 677 2807 tuendam,
714 2751 779 2796 ad
822 2748 1063 2796 tuendam
1113 2750 1277 2795 vitam

203 2838 368 2872 meam
405 2823 582 2884 quidni
614 2821 802 2868 liceat?

270 2896 322 2940 16
357 2896 431 2940 Ex
466 2895 574 2940 Inn.
609 2893 694 2949 XI,
717 2892 790 2937 29.
811 2890 884 2938 lbi
911 2907 934 2935 α
965 2892 1159 2948 Uraens
1180 2902 1279 2937 me-

207 2972 289 3012 tus
316 2969 500 3024 gyravis
527 2970 603 3013 est
612 2967 766 3021 justa
789 2975 954 3008 causa
978 2974 1278 3009 sacramen-

205 3042 374 3083 torum
393 3037 904 3083 administrationem
927 3035 1232 3079 simulandi.
1249 3047 1275 3078 ι

202 3109 309 3154 Hac
342 3109 682 3168 propositione
732 3118 930 3152 omnem
983 3105 1271 3151 simulatio·

201 3193 316 3224 nem
337 3179 629 3224 damnatam
651 3178 811 3223 fuisse
837 3179 976 3222 tenet
993 3175 1274 3224 Cardenas:

207 3250 337 3296 Viva
370 3250 529 3296 solam
563 3250 838 3301 formalem,
872 3252 922 3293 et
945 3249 1136 3294 rectius
1170 3250 1272 3302 (cit.

201 3327 231 3377 g
246 3321 346 3374 297,
362 3321 457 3378 32):
478 3325 685 3379 excepto
706 3320 1022 3379 baptismate,
1043 3320 1168 3376 quia
1187 3320 1274 3363 ba-

201 3394 425 3448 ptismus
449 3395 526 3439 est
533 3393 712 3446 janua
742 3393 1191 3437 sacramentorum
1225 3390 1277 3436 et

194 3464 507 3520 protestatio
541 3463 676 3519 fidei,
711 3474 802 3507 nee
834 3463 942 3506 ullo
977 3462 1123 3505 modo
1146 3460 1275 3516 finqi

194 3537 377 3590 potest.
429 3532 475 3579 S.
521 3531 578 3577 U.
613 3531 666 3583 1..
709 3533 736 3574 6
771 3531 906 3590 Sept.
946 3530 1059 3575 1625
1105 3543 1270 3575 coram

201 3603 372 3650 SS.mo
406 3605 524 3650 Ben.
558 3601 687 3655 XIV,
724 3602 775 3647 C.
807 3604 1069 3649 Postremo
1103 3614 1274 3647 mense

197 3674 226 3731 5
266 3674 340 3719 21.
374 3673 502 3719 Bull.
537 3674 592 3719 T.
623 3671 664 3725 2,
698 3686 746 3716 n.
781 3672 851 3716 2⁵2.

267 3745 319 3788 17
355 3743 482 3789 Viva
515 3745 565 3789 in
601 3744 765 3788 Innoc.
802 3742 884 3796 XI,
919 3743 989 3797 29,
1024 3757 1071 3788 n.
1112 3744 1178 3788 ll.
1206 3741 1273 3787 Ut

201 3827 312 3861 ecce
363 3815 408 3860 si
457 3814 607 3868 dicat,
651 3828 741 3874 ego
785 3816 833 3858 te
882 3813 1026 3859 haud
1069 3812 1270 3858 absolvo

1380 2462 1559 2522 (Card,
1590 2463 1640 2509 in
1668 2464 1752 2510 cit.
1784 2464 1860 2509 Pr.
1895 2464 1966 2518 29,
1995 2479 2045 2511 n.
2077 2466 2171 2521 53),
2199 2465 2280 2512 vel
2315 2469 2450 2514 ‹ab-

1380 2537 1624 2581 solvam›
1673 2535 1752 2580 vel
1797 2538 2041 2581 absolvo?
2088 2535 2163 2595 (V.
2203 2536 2253 2584 S.
2284 2537 2453 2598 Alph.,

1379 2606 1591 2723 ἕῐίοεᾮ).
1615 2605 1822 2666 Nempe,
1850 2609 1908 2652 ut
1941 2606 2063 2662 dixi,
2096 2610 2288 2654 remoto
2309 2603 2475 2656 scau-²

1417 2691 1464 2792 a1
1501 2712 1639 2793 ²rrid.
1665 2746 1774 2801 vn,
1799 2747 1845 2794 h.
1870 2753 1900 2793 t.
1927 2748 2045 2794 ean.
2069 2748 2161 2795 ult.
2182 2748 2285 2796 Nec
2306 2749 2453 2811 quid-

1378 2831 1533 2877 quam
1566 2831 1629 2864 ex
1663 2818 1745 2863 his
1781 2821 1981 2872 mutari,
2008 2823 2098 2865 aut
2123 2819 2338 2873 detrahi,
2361 2811 2465 2866 aut‘
2543 2847 2547 2853 -
2600 2792 2607 2810 ζ’

1380 2889 1548 2950 adjici,
1579 2889 1782 2949 injussu
1820 2889 1866 2935 S.
1893 2889 2054 2943 Sedis,
2088 2890 2160 2935 eis
2195 2891 2360 2949 potest
2381 2888 2452 2948 (S.
2540 2947 2545 2956 .
2598 2901 2602 2908 ’

1376 2960 1434 3006 R.
1457 2960 1509 3006 o,
1541 2961 1556 3005 1
1589 2961 1700 3020 Maj.
1738 2960 1880 3017 1612).

1437 3031 1466 3074 2
1488 3031 1588 3077 Rit.
1611 3030 1753 3076 Rom.
1776 3030 1824 3075 h..
1846 3035 1874 3075 c.
1898 3031 1924 3088 g
1951 3032 1993 3074 7.
2014 3028 2122 3075 Non
2154 3029 2272 3076 item
2299 3041 2454 3089 super
2551 3071 2559 3074 .
2597 2994 2600 2999 ¹

1379 3107 1519 3148 veste
1553 3103 1808 3147 communi
1834 3101 1928 3158 (Ex
1962 3100 2009 3146 S.
2036 3100 2090 3146 R.
2114 3100 2170 3148 C.
2194 3100 2248 3147 lo
2268 3099 2452 3147 Janua.

1384 3173 1509 3227 1852,
1545 3186 1623 3231 ap.
1657 3173 1798 3226 Gury
1834 3171 1894 3226 11,
1930 3171 2058 3227 226„
2094 3184 2155 3216 ne
2193 3171 2245 3216 in
2279 3182 2449 3216 sacra-

1380 3247 1551 3291 mento
1582 3244 1926 3303 poenitentiae
1960 3242 2164 3301 quidem
2204 3240 2276 3298 (S.
2307 3240 2365 3287 R.
2395 3239 2451 3289 C.

1382 3317 1425 3360 ll
1468 3315 1603 3374 Sept.
1643 3315 1794 3370 1847).
1834 3313 1933 3360 Sed
1981 3316 2151 3358 utrum
2186 3312 2256 3358 sit
2295 3322 2450 3370 grave

1376 3399 1473 3431 non
1509 3386 1583 3430 uti
1618 3383 1788 3430 stola?
1834 3385 1899 3429 Et
1943 3386 1993 3429 in
2036 3394 2247 3428 sacram.
2278 3380 2448 3440 poeni-

1374 3457 1563 3502 tentiae
1583 3455 1871 3514 negandum
1893 3453 2094 3499 videtur
2112 3465 2174 3497 ex
2191 3451 2290 3498 Rit.
2305 3449 2449 3496 Rom.

1374 3528 1407 3575 1.
1435 3541 1501 3581 c.;
1522 3529 1572 3572 in
1603 3527 1912 3573 eucharistia
1935 3527 2124 3584 negant
2146 3523 2334 3583 plures,
2355 3534 2448 3568 nec

1374 3598 1623 3658 improbat
1657 3598 1704 3643 S.
1740 3596 1904 3656 Alph.,
1939 3595 2025 3649 vl,
2055 3594 2158 3639 241.
2487 3587 2491 3589 ’

1432 3670 1459 3712 3
1492 3669 1660 3722 Croix,
1693 3667 1778 3721 VI,
1810 3667 1873 3724 11,
1909 3665 2050 3720 2116;
2091 3664 2139 3710 S.
2183 3661 2445 3723 Alphons.,

1379 3741 1476 3792 184,
1507 3741 1610 3785 726.

1432 3813 1460 3855 4
1494 3811 1543 3857 S.
1573 3809 1739 3871 Alph.,
1773 3807 1854 3862 VI,
1889 3807 1995 3856 241.
