2632 4094
246 120 348 179 382
845 141 987 180 ussa
1021 141 1088 181 ιιι.
1125 153 1150 167 ·
1182 141 1354 183 mor.
1390 143 1453 182 vi.
1491 143 1556 182 nr.
1591 142 1900 185 ιιΑτιιιιιοιιιο

886 359 1034 414 ART.
1075 358 1142 413 11.
1184 360 1263 413 De
1302 362 1629 414 matrimonio
1669 361 1835 414 dubio.

322 587 446 640 478.
490 585 788 639 Hactenus
835 582 907 639 de
948 584 1317 639 matrimonio
1358 583 1573 639 valido:
1629 583 1770 655 quid
1812 585 1859 639 si
1904 584 2224 651 dubitetur,
2279 587 2479 641 utrum

248 676 507 732 validum
549 675 741 738 fuerit,
777 690 851 729 an
884 673 1148 730 nullum?
1180 674 1573 744 probabiliter,
1618 674 1871 746 inquam,
1903 689 2035 730 nam
2076 674 2316 731 dubium
2345 675 2482 732 leve

247 766 740 822 contemnendum
782 766 874 820 est
899 763 990 835 (1).
1023 764 1332 834 Principio,
1364 764 1412 818 is
1446 763 1544 835 qui
1587 763 1819 819 dubitat
1859 778 2102 820 necesse
2137 765 2315 821 habet
2355 779 2482 821 rem

246 856 554 926 explorare
597 854 946 923 diligenter-3
990 858 1050 908 et
1093 853 1327 907 interim
1361 855 1562 923 petere
1605 853 1813 924 nequit
1845 851 1935 924 (2),
1978 853 2079 910 sed
2108 853 2354 910 reddere
2385 854 2479 910 de·‘

248 946 346 1000 bet
373 943 465 1014 (3).
509 945 755 998 Posthac
796 958 952 1005 vero,
995 943 1041 997 si
1087 947 1248 998 certo
1292 958 1404 997 non
1446 946 1732 1012 appareat
1779 942 2211 999 matrimonium
2252 942 2484 999 irritum

247 1035 444 1097 fuisse,
489 1049 589 1104 pro
638 1033 1008 1087 matrimonio
1047 1031 1218 1104 (quod
1269 1030 1548 1105 possidet)
1602 1032 1961 1101 regulariter
2011 1033 2482 1103 respondendum

248 1122 486 1195 erit(4);
532 1124 777 1194 ideoque
821 1122 1055 1177 tametsi
1102 1138 1202 1192 pro
1231 1122 1430 1176 valore
1471 1121 1823 1176 matrimonii
1866 1124 2037 1186 nulla,
2073 1136 2174 1191 pro
2204 1121 2484 1179 nullitate

240 1216 517 1286 probabilis
558 1215 787 1268 tantum
819 1210 991 1284 (Prol.
1021 1213 1057 1280 ἓ
1087 1212 1216 1282 260)
1245 1212 1395 1267 ratio
1435 1212 1622 1266 subsit
1650 1210 1757 1283 (5):
1790 1213 1852 1267 et
1883 1211 2021 1266 licet
2061 1211 2186 1282 ipse
2229 1211 2288 1266 in
2329 1210 2485 1268 mala

246 1304 359 1359 fide
381 1302 470 1374 (II,
490 1304 526 1371 ἓ
556 1304 676 1365 127,
706 1302 819 1374 21),
850 1301 1000 1357 idest
1030 1302 1241 1356 dubius
1271 1301 1691 1371 impedimenti,
1720 1301 2156 1357 matrimonium
2185 1305 2488 1379 contraxej-

246 1393 323 1447 rit
349 1391 440 1464 (6).
472 1395 826 1462 Reyulariter,
868 1407 1003 1445 nam
1042 1392 1101 1445 in
1132 1390 1551 1460 impedimento
1579 1394 1842 1462 liyaminis
1871 1391 2064 1463 (idest,
2094 1393 2141 1447 si
2173 1391 2222 1448 is
2249 1382 2485 1451 dubitet

246 1482 318 1538 de
354 1488 536 1537 morte
567 1482 776 1551 prioris
810 1480 1116 1550 conjugis),
1143 1480 1282 1550 quia
1312 1480 1472 1550 prius
1505 1481 1938 1536 matrimonium
1976 1481 2251 1552 possidet,
2281 1497 2483 1554 quam-

245 1574 344 1628 diu
387 1572 496 1627 sibi
541 1587 654 1626 non
698 1577 911 1633 constat,
959 1570 1100 1624 illud
1142 1570 1397 1624 solutum
1439 1570 1637 1635 fnisse,
1686 1574 1889 1640 petere
1933 1572 2156 1642 nequit,
2198 1572 2307 1627 etsi
2351 1586 2488 1626 con·

246 1662 497 1718 traxerit
538 1666 663 1715 bona
691 1662 802 1728 fide
828 1659 921 1731 (7).

320 1754 447 1808 479.
490 1753 683 1822 Atque
727 1753 873 1805 haec
902 1748 1267 1818 generatim:
1299 1748 1523 1819 aliquid
1553 1749 1809 1819 speciale
1852 1754 1943 1804 est
1978 1750 2034 1804 in
2067 1750 2486 1822 impedimento
2580 1812 2582 1814 ,
2611 1770 2613 1772 ’

249 1842 663 1913 impotentiae:
706 1841 778 1895 de
821 1841 928 1894 hac
970 1839 1086 1894 tria
1128 1840 1400 1894 constare
1442 1839 1685 1902 debent;
1728 1836 1789 1894 1⁰
1830 1839 2230 1909 impotentiam
2271 1855 2483 1897 revera

246 1933 505 1995 subesse,
555 1927 617 1984 2⁰
667 1928 1035 1984 matrimonio
1086 1928 1445 1985 anteriorem
1494 1928 1694 1994 fuisse,
1743 1930 1805 1983 et
1852 1928 1909 1984 3⁰
1957 1945 2085 1985 esse
2141 1933 2484 2001 perpetuam

242 2022 299 2095 (ἓ
327 2020 480 2092 431);
505 2021 697 2091 quoad
738 2021 884 2074 haec
914 2019 1111 2074 omnia
1152 2034 1263 2073 non
1294 2019 1679 2088 apparuerint
1706 2021 1871 2074 certa
1913 2020 1973 2074 et
2001 2018 2329 2084 manifesta,
2363 2034 2482 2076 ma·

246 2112 579 2166 trimoninm
623 2109 894 2179 possidet.
927 2109 1135 2178 Itaque
1177 2108 1455 2178 quamdin
1498 2108 1802 2163 dubitatur
1840 2123 1914 2162 an
1946 2109 2151 2172 subsit,
2193 2108 2391 2164 conari
2421 2108 2482 2164 in

247 2217 369 2256 rem
413 2201 552 2255 licet
578 2199 672 2272 (8).
717 2199 770 2253 Si
816 2200 1046 2253 certum
1087 2199 1164 2251 sit
1208 2199 1611 2268 impotentiam
1654 2199 1911 2262 subesse,
1942 2199 2044 2254 sed
2086 2213 2199 2253 non
2231 2199 2481 2264 constet,
2538 2264 2541 2266 ³
2591 2205 2602 2226 ’-

245 2293 440 2345 utrum
481 2289 744 2343 anterior
775 2288 1143 2342 matrimonio
1184 2287 1380 2352 suerit,
1409 2302 1484 2342 an
1530 2288 1832 2358 posterior,
1862 2287 2151 2358 siqnidem
2192 2289 2285 2343 est
2313 2290 2482 2346 natu·
2582 2285 2611 2369 ξ

245 2380 403 2442 raliS,
442 2378 705 2433 anterior
746 2378 1163 2447 praesumitur,
1205 2363 1341 2447 quia
1383 2378 1678 2432 naturalia
1718 2380 1856 2432 sunt
1896 2382 2208 2448 perpetua;
2258 2379 2350 2434 sin
2392 2379 2484 2436 est

244 2468 648 2531 accidentaliS,
692 2468 977 2535 posterior
1019 2467 1285 2533 habetur,
1317 2466 1427 2520 nisi
1471 2467 1681 2522 mulier
1723 2468 1880 2521 intra
1921 2468 2259 2523 bimestrem
2299 2483 2336 2523 a
2363 2483 2482 2524 ma:

361 2674 416 2723 C.
449 2676 521 2729 44,
555 2678 585 2729 g
623 2675 660 2726 1,
697 2674 768 2719 De
801 2674 849 2719 S.
884 2674 937 2717 E.

365 2745 416 2791 O.
449 2747 491 2801 2,
526 2749 598 2792 De
633 2744 850 2791 Secund.
883 2746 1041 2801 Nupt.

364 2818 417 2865 C.
442 2819 486 2874 2,
508 2820 583 2865 De
610 2818 823 2865 Secund.
855 2817 1041 2873 Nupt.,·
1065 2815 1115 2860 O.
1141 2817 1214 2870 44,
1240 2816 1313 2862 De

308 2679 324 2719 l
1413 2674 1492 2719 hic
1519 2677 1686 2719 ratum
1722 2671 2003 2728 habebitur,
2026 2675 2135 2720 illic
2157 2674 2374 2722 irritum.
2393 2673 2481 2724 Oe*

303 2745 333 2788 2

303 2820 331 2863 3

1413 2748 1581 2789 terum
1611 2743 1745 2803 apud
1780 2743 2031 2798 barbarOS,
2055 2745 2141 2804 qui
2171 2756 2235 2790 ex
2259 2744 2483 2798 moribus
2580 2775 2591 2797 ,-
2616 2804 2623 2809 .

1418 2815 1636 2873 regionis
1674 2828 1853 2860 uxores
1882 2828 1971 2874 pro
2004 2814 2171 2861 lubitu
2195 2815 2482 2871 dimittunt,
2571 2830 2578 2834 ·

248 2889 297 2934 S.
331 2891 383 2934 E.
398 2903 420 2942 ,·
456 2889 500 2934 S.
535 2887 700 2947 Alph„
734 2887 818 2942 VI,
851 2888 953 2932 903.
989 2886 1209 2942 Scilicet,
1246 2898 1314 2932 θαι

235 2964 379 3017 jure,
402 2959 534 3020 quod
559 2959 702 3005 alteri
726 2960 927 3019 conjugi
951 2958 1205 3017 competit,
1230 2972 1313 3017 po·

247 3032 368 3076 terit
400 3036 589 3076 certam
625 3030 719 3075 sibi
754 3030 1115 3076 conscientiam
1152 3028 1312 3074 facere

248 3101 308 3146 de
342 3104 657 3158 obliyatione
687 3100 945 3147 reddendi.

308 3174 334 3215 4
371 3173 447 3216 Ex
484 3172 532 3217 S.
559 3171 615 3216 U.
649 3171 684 3216 1.
715 3173 767 3216 18
802 3171 914 3217 Dec.
955 3171 1089 3228 1872;
1114 3170 1311 3225 Sanch„

243 3241 304 3293 11,
348 3245 420 3295 41,
469 3244 549 3295 46;
597 3242 756 3302 Lugo,
789 3242 861 3287 De
906 3243 1098 3298 Justit„
1138 3244 1206 3295 17,
1238 3243 1310 3287 88.

247 3313 492 3368 Quamvis
532 3313 743 3358 dubium
778 3326 879 3358 non
924 3314 1147 3372 potuerit
1178 3313 1311 3359 vinci

243 3384 313 3439 (S.
347 3383 512 3443 Alph.,
539 3383 620 3442 VI,
642 3386 761 3440 904).
801 3385 945 3429 Porro
995 3385 1311 3430 matrimonio

242 3455 370 3499 inito
393 3468 505 3500 cum
531 3454 797 3506 haeretico,
822 3454 902 3500 vel
926 3454 1135 3504 infideli,
1153 3457 1196 3500 si
1222 3455 1312 3500 du·

243 3524 439 3570 bitatur
477 3538 597 3570 num
633 3524 717 3569 ille
753 3539 940 3577 revera,
963 3525 1046 3571 hic
1084 3525 1310 3571 validum

245 3594 557 3654 baptismum
582 3597 876 3654 susceperit,
900 3599 1009 3643 heic
1036 3610 1123 3655 pro
1151 3596 1312 3655 bapti·

242 3678 352 3710 smo
386 3667 790 3726 respondendum
829 3668 923 3711 erit
957 3667 1025 3718 (S.
1059 3667 1118 3713 U.
1152 3668 1186 3712 1.
1220 3667 1307 3711 In-

241 3737 456 3780 structio
481 3737 542 3782 ad
565 3736 667 3782 Vic.
684 3736 1036 3795 Apostolicum
1060 3737 1309 3785 Oceaniae

239 3819 319 3852 an.
348 3807 475 3863 1843,
506 3811 556 3852 et
584 3810 635 3852 18
670 3807 783 3854 Dec.
818 3809 974 3866 1872„
1010 3813 1162 3869 atque
1197 3810 1307 3855 ideo

1418 2886 1494 2930 vel
1528 2899 1641 2931 cum
1680 2886 1741 2931 ad
1777 2885 1906 2931 alias
1940 2887 2168 2945 regiones
2201 2889 2482 2943 transeunt,
2533 2923 2552 2952 .‘
2573 2879 2599 2899 '

1417 2960 1590 3000 utrum
1639 2969 1812 3001 verum
1861 2956 2239 3002 matrimonium
2280 2960 2482 3004 contrn-

1415 3027 1555 3080 hant,
1579 3028 1809 3086 quaestio
1841 3027 2140 3087 plerumque
2172 3028 2336 3087 magis
2360 3026 2483 3074 facti

1416 3111 1568 3158 quam
1610 3100 1741 3158 juris
1790 3103 1869 3144 est
1917 3098 1987 3156 (S.
2019 3097 2076 3144 U.
2108 3098 2145 3144 1.
2189 3097 2483 3153 Instructio,
2553 3103 2579 3139 -’

1415 3170 1443 3213 2
1474 3169 1645 3217 octob.
1684 3171 1829 3229 1860).

1473 3242 1502 3285 5
1535 3241 1581 3287 s,
1605 3241 1768 3301 Alph„
1801 3241 1885 3296 VI,
1918 3240 2022 3290 905.

1474 3313 1503 3357 6
1535 3311 1579 3355 s.
1605 3311 1770 3372 Alph.,
1806 3311 1888 3370 v1,
1922 3312 2025 3357 906.

1472 3384 1500 3426 7
1536 3383 1583 3429 s.
1613 3383 1776 3443 Alph„
1810 3383 1840 3428 1.
1876 3396 1915 3429 c.
1948 3382 2005 3428 v,
2043 3382 2142 3439 127,
2177 3382 2248 3428 35.

1473 3457 1501 3500 8
1533 3455 1610 3500 Ex
1645 3455 1698 3502 C.
1741 3457 1775 3510 l,
1810 3456 1965 3510 Eod.,·
1996 3453 2049 3502 C.
2082 3455 2125 3510 5,
2170 3455 2246 3501 De
2285 3451 2479 3508 Frioid.

1413 3526 1657 3581 Quamvis
1700 3529 1845 3571 extra
1889 3539 1978 3572 vas
2012 3524 2192 3570 fundat
2221 3522 2320 3568 (Ex
2352 3520 2405 3566 O.
2435 3520 2479 3577 6,
2543 3531 2559 3553 1³

1420 3601 1487 3643 De
1504 3598 1728 3654 Friyid.,·
1744 3597 1940 3651 Sanch„
1960 3596 2044 3650 IX,
2066 3595 2132 3649 17,
2150 3595 2230 3653 203
2250 3594 2300 3640 S.
2314 3591 2480 3652 tuph„
2554 3605 2582 3654 A'.

1414 3668 1563 3726 1103).
1583 3667 1788 3727 Nempe,
1806 3667 2051 3728 quamdiu
2069 3678 2187 3725 spes
2204 3662 2477 3724 probabilis

1414 3742 1494 3783 est
1510 3737 1793 3784 seminandi
1818 3739 1953 3782 intra
1977 3749 2066 3783 vas
2090 3734 2307 3794 (Sanch.,
2330 3747 2379 3780 n.
2395 3733 2478 3791 243
2546 3746 2579 3798 ἐπ’·

1411 3809 1601 3867 Laym„
1634 3808 1719 3864 XI,
1753 3810 1813 3865 4).
