2632 4094
215 141 315 198 374

810 159 955 198 uum
991 159 1058 198 111.
1092 173 1116 184 ·
1149 159 1323 199 macr.
1358 160 1420 199 v1.
1459 161 1523 199 ΒΕ
1558 160 1863 200 uamluomo

214 243 458 300 solemni
504 243 857 312 professione
897 243 1333 314 religiosa.(l6)
1370 244 1463 300 vel
1505 259 1779 315 suprema
1820 244 1885 299 P..
1914 243 2214 327 Pontificis
2249 231 2476 304 aucto-⁴·

216 335 395 388 ritate
422 333 551 403 (17).
588 335 761 388 HAEC
803 337 1164 396 consumata,
1201 339 1447 406 utroque
1476 337 1730 405 conjuge
1769 335 1960 390 adbuc
1990 334 2229 399 infideli,
2274 335 2449 392 iudis-

215 423 488 479 solubilia
516 422 801 494 sunt(18),
844 424 944 478 sed
977 424 1217 494 perinde
1259 425 1424 495 quasi
1459 424 1830 480 matrimonia
1862 426 1990 480 rata
2024 424 2453 500 fidelium(19).·

216 515 612 585 quamobrem,
655 519 899 584 utroque
943 516 1143 583 postea
1184 515 1493 584 baptizato,
1534 514 1771 569 dissolvi
1816 518 2056 585 possunt
2094 516 2451 572 auctorItate

217 603 284 658 R.
325 602 536 674 Ρ.(2Ο),
579 603 768 672 quoad
813 603 1044 666 iterum,
1094 606 1217 673 post
1265 607 1601 674 susceptum
1651 604 1937 673 baptisma
1985 620 2114 661 sese
2161 621 2452 675 cognove-

216 693 337 748 rint
364 694 492 762 (21).
537 693 835 763 Baptizato
874 693 1161 748 alterutro
1203 696 1452 757 tantum,
1501 694 1557 747 in
1600 697 1892 764 potestate
1947 695 2119 765 hujus
2160 698 2250 752 est
2289 695 2451 752 aliud

132 840 163 852 ,χ
218 783 653 839 matrimonium
695 783 860 847 inire,
903 800 977 839 ex
1017 784 1322 853 singulare
1364 783 1564 838 divino
1607 783 1934 854 privilegiO,
1977 785 2127 855 quod
2165 787 2448 855 paulinum

215 875 290 929 ab
331 874 623 944 Apost010,
665 874 764 944 qui
809 874 951 929 illud
995 874 1405 944 promulgavit,
1448 874 1767 943 appellant,
1810 874 1883 929 cle
1923 888 2038 944 quo
2078 889 2357 930 seorsum.
2467 859 2472 867 ⁴

282 1052 336 1098 16
368 1053 463 1101 CC.
486 1053 528 1106 2,
550 1054 594 1104 7,
616 1053 684 1104 14,
710 1054 782 1099 De
808 1054 1044 1099 convers,
1072 1052 1283 1110 Conjuy.

216 1121 370 1177 Trid„
400 1125 522 1172 Cau.
572 1123 653 1178 vl,
699 1125 894 1179 Invito;
941 1122 1139 1178 Sanch„
1178 1122 1284 1179 VII,

214 1193 320 1240 DD.
347 1194 442 1247 102,
465 1194 570 1250 103;
594 1194 782 1254 Laym.,
808 1193 857 1239 P.
876 1193 961 1247 IV,
981 1193 1065 1245 XI,
1089 1195 1142 1251 63
1162 1194 1282 1239 dum

215 1280 277 1313 ne
301 1267 379 1312 vir
403 1268 453 1311 in
482 1280 538 1313 eo
562 1279 855 1326 permanere
877 1264 1056 1311 debeat
1083 1265 1146 1311 ad
1176 1278 1285 1310 mu-

214 1337 356 1384 lieris
380 1336 644 1383 infamiam
668 1335 998 1397 reparandam
1023 1335 1093 1394 (S.
1114 1336 1283 1396 Alph„

216 1408 299 1462 VI,
322 1408 426 1460 870,
458 1408 583 1460 958).
615 1406 791 1466 Itaque
823 1411 940 1467 post
964 1407 1150 1452 initum
1179 1419 1285 1452 ma-

216 1480 512 1527 trimonium
533 1478 734 1538 utrique
748 1478 856 1538 conj
866 1476 1116 1537 ugidatur
1132 1476 1283 1523 bime-

217 1554 319 1597 stre
340 1550 401 1595 ad
422 1548 820 1596 deliberandum.
839 1549 947 1605 Quo
971 1548 1144 1606 elapso
1164 1547 1284 1603 <nisi

217 1622 484 1681 utriusque
533 1631 782 1668 consensu
831 1621 1148 1679 prorogetur)
1193 1632 1282 1663 ne-

218 1705 359 1739 cesse
392 1695 486 1745 est,
518 1695 608 1737 aut
640 1690 841 1749 eonJ'ugi
876 1689 1160 1743 adhaerere,
1196 1692 1287 1734 aut

216 1763 354 1811 illico
387 1762 680 1821 religionem
726 1760 936 1820 ingredi,
979 1761 1284 1820 tyrocinium

218 1834 363 1886 inire,
378 1846 535 1894 eoque
552 1835 744 1889 exacto,
764 1832 1011 1879 solemnia
1037 1835 1152 1878 vota
1177 1845 1288 1891 pro-

217 1907 360 1952 tinus
393 1917 708 1964 nuncupare:
732 1907 780 1949 et
814 1903 894 1949 his
918 1904 1134 1963 denique
1160 1917 1288 1949 nun-

218 1977 421 2037 cupatis
475 1976 853 2021 matrimonium
909 1975 1027 2029 (nisi
1080 1977 1284 2022 interim

218 2050 573 2094 consumatum
609 2046 761 2092 fuerit
793 2046 1004 2093 alterius
1034 2045 1098 2101 vi,
1132 2051 1286 2100 metu,

219 2123 310 2164 aut
336 2118 525 2163 fraude.
562 2117 619 2161 V.
639 2117 837 2172 Sanch.,
861 2116 922 2170 ΙΙ,
947 2118 1021 2173 32)
1046 2119 1155 2177 ipso
1172 2118 1286 2177 jure

221 2189 519 2235 dissolvitur
557 2188 649 2245 (Cf.
683 2188 883 2243 Sanch.,
915 2187 975 2243 ΙΙ,
1017 2189 1089 2245 18;
1129 2189 1289 2244 Pont.,

220 2259 307 2319 IX,
339 2261 403 2310 5).

285 2333 340 2375 17
372 2331 491 2377 Ben.
523 2330 655 2386 XIV,
693 2330 746 2379 C.
792 2331 889 2377 Dei
934 2332 1285 2377 miseratione.

221 2402 478 2457 Somnum,
521 2402 732 2463 ideoque
776 2415 875 2447 non
922 2415 994 2455 ea,
1025 2415 1126 2462 qua
1170 2405 1287 2447 vota

220 2473 492 2532 simplicia,
519 2474 671 2518 etiam
696 2473 747 2518 in
772 2473 1015 2518 societate
1042 2473 1165 2518 Jesu
1194 2473 1283 2529 (Cf.

218 2543 460 2591 Ballerini
509 2544 570 2589 ad
621 2543 775 2602 Gury,
816 2543 875 2597 Il,
910 2544 1033 2602 759),
1084 2557 1281 2589 nuncu·

221 2618 420 2674 pantur.

286 2687 340 2732 18
353 2687 430 2732 Ex
444 2686 639 2740 Matth„
654 2686 787 2741 XIX,
805 2689 844 2743 6,
869 2688 920 2736 C.
937 2689 979 2741 8,
997 2689 1071 2734 De
1087 2687 1285 2732 Divort.

289 2760 343 2803 19
367 2760 443 2803 Ex
471 2758 521 2804 O.
544 2761 591 2813 7,
616 2760 690 2806 De
717 2760 915 2804 Divort.
939 2758 996 2803 V.
1021 2761 1052 2812 ἓ
1085 2759 1188 2814 296,
1217 2758 1290 2804 38.

222 2829 442 2882 Navarr.,
469 2829 667 2884 Sanch.,
689 2829 751 2882 ΙΙ,
780 2831 860 2886 17;
882 2830 1080 2885 Laym.,
1100 2830 1208 2875 Par.
1228 2829 1290 2882 ΙΙ,

222 2901 342 2959 Cap.
367 2900 453 2955 ΙΙΙ,
477 2901 527 2954 2;
557 2900 602 2947 S.
634 2901 798 2960 Alph„
827 2900 913 2956 VI,
942 2902 1048 2956 897,
1073 2899 1212 2947 Prob.
1254 2902 1288 2944 1.

223 2971 358 3016 Haec
377 2972 503 3017 ratio
523 2971 754 3031 pluribus
775 2971 1025 3031 displicet,
1042 2975 1092 3016 et
1116 2972 1165 3016 in
1191 2972 1290 3031 pri-

225 3043 323 3087 mis
359 3042 547 3093 Pontio,
573 3041 679 3097 VII,
708 3043 780 3097 48,
811 3045 860 3088 et
892 3042 1008 3088 Beu.
1035 3041 1167 3095 XIV,
1192 3041 1290 3086 LL.

224 3112 321 3160 CC.
353 3113 460 3158 Lib.
493 3112 555 3168 ΙΙ,
586 3113 789 3170 Quaest.
823 3113 929 3171 546,
971 3126 1000 3158 a
1032 3126 1081 3159 n.
1123 3112 1194 3166 27,
1239 3113 1290 3156 in

224 3185 546 3235 Florentina‚
571 3185 619 3227 17
638 3183 669 3228 J
673 3196 843 3229 anuar.
871 3183 998 3238 1722,
1016 3186 1067 3228 et
1092 3182 1292 3240 Synodo

226 3256 473 3305 Dioeees„
500 3255 634 3308 XIII,
657 3257 727 3308 21,
747 3257 787 3310 4,
812 3258 1015 3300 tuentes
1036 3254 1292 3299 matrimo-

226 3325 311 3370 nia
329 3337 526 3385 quoque
542 3326 824 3371 infidelium
847 3339 957 3371 esse
976 3327 1293 3372 sacramenta

224 3395 330 3442 lata
352 3396 733 3455 significatione.
768 3396 824 3441 V.
858 3401 888 3451 ἓ
920 3397 1020 3450 427,
1040 3395 1112 3441 31.

285 3467 343 3511 20
377 3467 577 3525 Gregor.
614 3467 747 3521 XIII,
790 3467 909 3513 Litt.
941 3468 1158 3524 Populis
1201 3481 1292 3512 seu

233 3538 485 3587 Quoniam
517 3549 692 3593 saepe,
712 3538 771 3580 25
793 3538 1000 3583 Januar.
1029 3539 1159 3582 1585.
1194 3537 1291 3593 Qui

228 3608 639 3653 animadvertens
687 3607 810 3654 haec
858 3610 1116 3655 connubia
1165 3621 1292 3655 vera

227 3679 454 3735 quidem,
472 3690 575 3724 non
595 3683 771 3725 tamen
787 3682 916 3725 adeo
933 3683 1057 3725 rata
1073 3682 1292 3733 censeri,

226 3753 297 3803 ut,
320 3751 619 3794 necessitate
643 3753 909 3803 suadente,
944 3752 1160 3795 dissolvi
1189 3763 1294 3797 non

222 3819 450 3876 possint,
484 3818 708 3864 barbaris
742 3819 805 3865 ad
847 3818 997 3865 fidem
1032 3821 1294 3866 conversis

1388 1051 1473 1112 qui
1508 1054 1622 1098 ante
1657 1055 1952 1111 susceptum
1989 1051 2241 1112 baptisma
2273 1053 2451 1100 matri·

1387 1123 1613 1168 monium
1670 1126 2043 1176 contraxerant,
2096 1122 2328 1179 indulsit,
2379 1126 2452 1179 ut,

1387 1195 1616 1254 conjugis
1665 1193 1885 1240 infidelis
1937 1206 2191 1242 consensu
2238 1196 2455 1244 minime

1387 1269 1653 1323 requisito,
1667 1270 1763 1311 auc
1780 1278 2022 1323 responso
2040 1278 2143 1313 non
2162 1267 2471 1324 empectato„

1387 1339 1783 1382 matrimonium
1816 1349 1934 1382 cum
1966 1338 2147 1395 quovis
2168 1338 2312 1397 fideli
2334 1348 2465 1410 con-3

1390 1409 1597 1454 trahere
1614 1412 1839 1465 possent,
1864 1412 1916 1455 ec
1945 1409 2086 1455 licite
2113 1410 2170 1453 in
2203 1420 2260 1456 eo
2280 1418 2451 1455 rema·

1387 1490 1528 1532 nere,
1544 1480 1779 1538 quamvis
1802 1481 1979 1538 postea
2002 1479 2294 1539 apparuerit
2319 1478 2452 1539 prio—

1387 1562 1467 1594 res
1500 1550 1740 1609 conjuges
1775 1554 2000 1608 tempore
2031 1551 2244 1597 secundi
2265 1550 2449 1596 matri-

1387 1621 1551 1665 monii
1579 1631 1848 1667 conversos
1874 1619 2061 1678 fuisse.

1446 1691 1498 1736 21
1539 1691 1584 1736 S.
1609 1691 1775 1750 Alph„
1802 1691 1887 1746 VI,
1910 1692 2014 1736 956.
2049 1691 2194 1749 Quod
2226 1691 2367 1739 Pont.
2402 1694 2458 1739 et

1387 1762 1504 1808 Ben.
1539 1761 1669 1818 XIV,
1703 1762 1755 1808 ll.
1785 1776 1852 1810 cc.
1886 1776 1987 1809 non
2013 1762 2332 1811 mediocriter
2351 1763 2449 1809 im-

1387 1837 1639 1895 pugnant:
1683 1836 1826 1895 aJunt
1873 1835 2022 1886 enim,
2069 1834 2448 1880 matrimonium

1388 1908 1744 1952 consumatum
1764 1918 1826 1951 ex
1851 1918 1944 1951 sua
1968 1904 2142 1951 divina
2165 1903 2452 1951 institutio·

1389 1990 1449 2022 ne
1483 1991 1690 2037 prorsus
1724 1975 2077 2023 indissolubile
2109 1988 2221 2023 esse
2244 1974 2454 2035 (not-18)

1388 2062 1489 2095 uno
1532 2048 1803 2094 dumtaxat
1845 2060 1968 2094 casu
2006 2049 2240 2107 except03
2273 2057 2458 2107 nempe

1390 2119 1644 2180 privilegii
1680 2118 1888 2177 paulini.
1922 2118 2065 2164 Ratio
2097 2117 2264 2165 brevis
2296 2119 2348 2164 et
2373 2130 2458 2164 ur-

1388 2204 1539 2252 gens:
1572 2190 1663 2236 sed
1696 2191 1844 2249 Greg.
1879 2189 2000 2235 XIII
2031 2187 2183 2236 verba
2214 2188 2450 2237 disertis·

1390 2264 1521 2309 sima
1569 2266 1703 2308 sunt.
1738 2261 1870 2320 Quid
1915 2261 2052 2321 quod
2097 2262 2312 2321 ipsemet
2352 2259 2450 2308 Be-

1392 2334 1501 2379 ned.
1537 2332 1653 2379 XIV
1685 2335 1737 2378 in
1771 2347 1865 2379 sua
1896 2331 2067 2379 Const.
2103 2334 2170 2378 In
2211 2342 2460 2390 suprema,

1394 2405 1693 2452 Catholicae
1724 2405 2004 2458 Ecclesiae,
2033 2405 2084 2449 16
2110 2405 2222 2451 Jan.
2252 2401 2366 2450 1745
2387 2401 2452 2450 ad

1392 2479 1567 2536 Apost.
1602 2475 1852 2520 Nuntium
1888 2474 2113 2520 Venetiis
2146 2478 2483 2521 commoran-'

1389 2552 1494 2593 tem
1528 2548 1659 2593 circa
1692 2545 1986 2607 hujusmodi
2020 2544 2344 2591 matrimonia
2374 2557 2481 2591 ea·.

1391 2619 1505 2664 dem
1549 2619 1733 2663 statuit
1775 2630 1903 2677 quae
1936 2616 2210 2676 Gregorius
2244 2614 2363 2662 XIII
2404 2619 2456 2663 et

1390 2689 1568 2735 iisdem
1602 2689 1700 2734 fere
1734 2687 1932 2734 verbis?
1967 2687 2099 2744 Quid
2128 2685 2262 2748 quod
2294 2687 2349 2732 in
2372 2699 2478 2734 οῦν

1390 2760 1514 2806 lebri
1550 2761 1875 2814 Florentina,
1900 2760 1959 2803 29
1991 2759 2133 2804 Mart.
2170 2758 2299 2811 1727,
2331 2770 2476 2804 cum·

1391 2831 1637 2891 quaedam
1671 2831 1853 2876 Esther
1877 2829 2092 2875 hebraea
2124 2828 2186 2876 ad
2220 2827 2371 2874 fldem
2393 2840 2451 2873 so

1392 2901 1726 2948 convertisset
1747 2915 1807 2947 ex
1832 2913 1932 2961 quo
1963 2901 2041 2946 vir
2063 2901 2171 2960 ejus
2196 2898 2452 2946 Abraham

1393 2972 1558 3018 adhuc
1582 2972 1826 3018 hebraeus
1854 2971 2005 3018 aliam
2025 2969 2343 3030 (Blancham)
2366 2968 2463 3014 he-

1395 3044 1593 3089 braeam
1612 3043 1772 3097 duxit,
1791 3046 2003 3102 utroque
2021 3046 2200 3102 postea
2216 3041 2280 3087 ad
2297 3039 2450 3086 fldem

1394 3127 1632 3160 converso
1666 3120 1715 3160 et
1747 3113 2058 3160 instantibus
2091 3126 2181 3172 pro
2214 3108 2460 3158 ratihabi-

1394 3187 1529 3230 tione
1555 3185 1877 3241 matrimonii,
1899 3183 2084 3230 Esther
2106 3183 2157 3228 in
2178 3186 2322 3228 statu
2343 3193 2450 3228 cos·

1395 3255 1482 3301 libi
1502 3258 1749 3309 manente,
1773 3256 1988 3314 ipsemet
2010 3253 2314 3300 Benedictus
2332 3250 2457 3298 XIV

1396 3326 1444 3371 S.
1478 3327 1863 3386 congregationi
1897 3327 2070 3371 auctor
2114 3323 2214 3370 fuit
2245 3326 2303 3368 ut
2333 3321 2460 3369 scri-

1395 3396 1595 3441 beretur
1639 3396 2029 3454 Archiepiscopo
2070 3393 2349 3447 florentino,
2389 3403 2454 3437 an

1396 3469 1579 3513 Esther
1611 3471 1746 3513 esset
1772 3470 1822 3512 in
1846 3471 1991 3512 statu
2013 3467 2183 3511 virum
2210 3462 2452 3518 ducendi,

1396 3544 1492 3583 auc
1521 3540 1783 3584 emittendi
1817 3537 2194 3595 professionem
2234 3534 2449 3590 reliaio-

1395 3610 1548 3655 sam?
1578 3610 1709 3668 Ergo
1752 3607 2131 3654 matrimonium
2164 3602 2447 3652 infidelium

1395 3683 1816 3731 consummatum,
1841 3679 1994 3723 etiarn
2018 3679 2216 3735 praeter
2236 3672 2448 3733 privile·

1394 3751 1536 3809 gium
1570 3749 1852 3810 paulinum,
1883 3747 2095 3794 dissolvi
2129 3748 2313 3805 potest.
