2632 4094
192 127 294 183 204
630 143 774 183 tucca
810 145 876 182 m.
909 156 935 168 -
967 145 1139 185 macr.
1175 145 1207 184 1.
1244 145 1309 185 ns
1342 143 1680 186 sacas-suris
1714 145 1768 185 in
1801 144 2000 185 cums

270 231 400 286 234.
428 230 547 283 Hoc
590 229 859 299 primum:
891 232 1216 299 praeterea,
1259 229 1305 284 si
1348 227 1597 285 materia
1634 227 1715 284 sit
1754 242 1941 300 capax
1982 227 2431 293 benedictionis.

204 320 364 390 prius
404 316 807 374 benedicenda
846 322 955 382 est,
997 324 1064 373 ut
1103 322 1533 374 sacramentum
1576 318 1777 374 valere
1819 317 2001 390 possit
2035 316 2135 392 (7);
2166 318 2432 390 exceptis

205 409 488 478 baptismo
543 413 602 463 et
652 407 1033 470 eucharistia;
1076 408 1215 479 quia
1265 410 1511 477 ipsemet
1564 405 1829 462 Christus
1879 406 2152 463 Dominus
2198 421 2432 463 omnem

199 512 411 568 aquam
454 498 512 552 in
556 513 722 552 usum
758 497 1047 568 baptismi,
1077 511 1423 567 omnemque
1466 511 1678 566 panem
1717 498 1778 551 et
1819 494 2018 551 vinum
2061 495 2121 551 in
2162 494 2429 552 euchari·

200 590 349 646 stiae
379 603 565 650 usum,
596 591 737 641 tunc
759 586 1145 647 consecravit.
1177 601 1307 640 cum
1341 586 1396 639 in
1425 586 1674 640 Jordane
1704 584 2034 653 baptizatus
2064 584 2190 651 fuit,
2214 588 2275 641 et
2298 599 2431 640 cum

198 682 344 735 baec
385 678 443 732 in
489 676 696 731 ultima
735 691 922 731 coena
962 677 1414 730 consecraturus
1458 673 1758 729 benedixit
1788 672 1883 746 (8).
1906 674 1978 728 Et
2003 689 2040 729 a
2070 676 2298 745 proprio
2326 673 2432 729 mi-

202 770 384 824 nistro
425 768 516 822 est
557 765 959 821 benedicenda
985 763 1084 835 (9);
1115 769 1176 819 et
1219 778 1606 834 unaquaeque
1647 778 1750 818 suo
1784 763 1930 819 ritu:
1964 763 2342 819 nihilominus
2381 763 2431 819 si

199 858 383 913 utaris
423 856 671 911 materia
714 855 1025 911 benedicta
1062 870 1099 909 a
1138 853 1404 908 ministro
1448 853 1674 922 proprio
1714 852 1968 923 quidem,
2009 853 2111 927 sed
2151 852 2269 909 alio
2312 852 2434 909 ritu
2475 887 2480 895 ·

199 948 370 1018 (idest
390 948 509 1003 alia
534 944 1403 1016 benedictione)sacramentum
1422 942 1622 998 valere
1645 941 1848 997 multis
1871 941 2169 1012 probabile
2195 939 2430 1014 est(10).

1019 1122 1177 1179 ΛΒΤ.
1199 1122 1267 1176 ΙΙ.
1298 1125 1375 1175 De
1402 1082 1604 1190 forma.

271 1278 398 1333 235.
427 1277 635 1331 Forma
675 1274 862 1344 igitur
887 1274 1026 1328 sunt
1053 1273 1236 1329 verba
1276 1272 1489 1342 quibus
1530 1273 1604 1335 id,
1633 1273 1785 1343 quod
1828 1272 2077 1328 materia
2110 1254 2432 1329 suboscure
2462 1336 2475 1350 ‚.

198 1369 577 1429 demonstrat,
605 1364 870 1434 apertius
897 1363 1287 1431 significatur.
1318 1363 1389 1416 Et
1419 1362 1549 1416 ideo
1576 1363 1806 1416 constat
1834 1362 2032 1417 verbis
2060 1360 2194 1431 (non
2224 1361 2434 1427 literis,
2460 1403 2467 1429 ,

199 1457 457 1518 nutibus,
499 1453 734 1523 signis):
779 1468 891 1507 non
934 1452 1240 1522 quibusvis
1281 1451 1535 1521 inquam,
1573 1451 1676 1506 sed
1716 1450 1807 1506 his
1847 1450 2062 1520 quibus
2102 1465 2178 1505 ex
2216 1448 2430 1506 Christi

200 1545 569 1602 institutione
601 1545 789 1597 utitur
828 1540 1109 1595 Ecclesia.
1138 1540 1336 1594 Omnis
1379 1539 1563 1608 igitur
1602 1540 1693 1594 vis
1726 1539 1943 1595 formae
1983 1540 2333 1595 aestimatur
2359 1554 2436 1595 ex

199 1634 636 1704 significatione
666 1632 971 1687 verborum
995 1629 1087 1701 (1).
1109 1630 1238 1698 Age
1262 1644 1442 1684 nunc:
1473 1631 1655 1684 verba
1681 1629 1795 1684 duo
1822 1628 2159 1698 significare
2188 1629 2432 1693 debent;

198 1726 474 1782 effectum
529 1721 901 1783 sacramenti,
945 1725 1005 1775 et
1045 1720 1337 1774 actionem
1388 1719 1874 1774 sacramentalem
1928 1722 2223 1789 quatenus
2263 1719 2324 1773 in
2363 1734 2430 1775 re

201 1815 498 1887 praesenti
542 1813 841 1883 perficitur
867 1826 903 1865 a
932 1810 1200 1864 ministro
1228 1808 1329 1882 (2):
1360 1809 1715 1877 significatio
1744 1822 1884 1863 vero
1923 1807 2222 1863 aestimari
2258 1808 2437 1864 debet

1362 1973 1669 2027 proximam
1712 1971 1871 2027 (Acta,
1910 1971 1948 2026 l,
1985 1971 2059 2018 41.
2091 1969 2151 2016 V.
2183 1969 2232 2018 S.
2268 1969 2436 2032 Alph.,

1372 2041 1453 2095 VI,
1494 2042 1593 2095 163,
1624 2042 1747 2098 709).

200 1978 360 2024 nihilo
404 1981 497 2030 est,
533 1988 612 2020 res
662 1974 724 2020 ad
773 1973 947 2018 horam
996 1972 1269 2018 dumtaxat

205 2048 435 2095 amiserit
466 2059 639 2098 usum3
674 2049 872 2104 utputa,
905 2044 948 2089 si
982 2042 1267 2102 baptizares

205 2133 338 2181 aqua
361 2131 586 2170 coenosa,
607 2129 926 2162 consecrares
952 2115 1125 2159 vinum
1150 2114 1268 2174 gelu

211 2192 499 2237 concretum
535 2187 601 2239 (S.
634 2187 801 2247 Alph.,
836 2186 919 2238 VI,
943 2186 1041 2240 105,
1076 2187 1132 2242 53
1165 2186 1268 2238 207,

202 2274 246 2319 q.
281 2262 344 2306 2¹.

262 2333 288 2375 7
325 2333 371 2378 S.
403 2333 566 2391 Alph.,
610 2328 695 2387 VI,
736 2330 835 2389 163,
876 2329 979 2373 709.
1022 2327 1270 2372 Probatur

204 2403 435 2463 exemplo
470 2408 579 2447 tum
623 2402 831 2451 Christi,
865 2399 951 2459 qui
994 2412 1175 2458 panem
1219 2400 1270 2443 et

203 2477 377 2520 vinum
414 2473 546 2533 quod
586 2473 897 2518 consecravit
940 2471 1081 2529 prius
1117 2467 1267 2514 bene-

206 2545 365 2598 dixit3
397 2548 507 2589 tum
547 2542 811 2596 Ecclesiae,
837 2555 964 2601 quae
988 2552 1267 2599 numquam

209 2616 435 2662 materiis
459 2628 558 2661 non
591 2614 868 2660 benedictis
902 2627 998 2659 usa
1030 2618 1133 2665 est3
1157 2618 1265 2657 tum

1440 2113 1488 2157 10
1521 2113 1679 2165 Suar.‚
1712 2112 1935 2173 Henriq.,
1969 2126 2047 2173 ap.
2080 2112 2129 2159 S.
2163 2111 2329 2173 Alph.,
2353 2111 2436 2169 VI,

1370 2185 1473 2238 709,
1492 2184 1538 2230 d.
1558 2184 1615 2240 ἒς
1639 2184 1828 2240 Laym.,
1851 2185 1929 2230 De
1951 2185 2098 2230 Eoetr.
2131 2185 2286 2237 Unct„
2310 2183 2374 2240 11,
2391 2182 2437 2229 2.

1369 2255 1436 2302 Ut
1464 2269 1590 2309 ecce,
1615 2256 1659 2301 si
1683 2254 1790 2300 oleo
1824 2256 2299 2300 chatecumenorum
2323 2266 2440 2301 con·

1369 2326 1540 2371 firmes
1564 2325 1826 2375 infantem,
1851 2325 1928 2370 vel
1966 2337 2128 2383 ungas
2161 2324 2436 2371 infirmum.

1373 2396 1525 2443 Aliud
1550 2400 1736 2456 putant
1752 2395 1950 2447 Bellar.,
1968 2394 2185 2448 Valent.‚
2204 2393 2324 2450 Pal„
2345 2397 2451 2441 etc.⁴

1371 2466 1427 2511 V.
1460 2466 1631 2520 Saltu„
1662 2467 1703 2520 7,
1749 2467 1792 2520 2,
1840 2466 1890 2519 8,
1934 2464 1982 2510 S.
2016 2464 2184 2524 Alph.,
2218 2464 2303 2520 Vl,
2340 2465 2438 2522 163,
2469 2509 2473 2513 .

1371 2538 1417 2582 d.
1452 2539 1509 2590 2;
1541 2538 1645 2589 709,
1677 2537 1723 2583 d.
1757 2537 1801 2582 2.

1438 2611 1450 2653 1
1478 2609 1534 2654 D.
1554 2608 1690 2663 Tho„
1705 2607 1791 2660 111,
1808 2606 1879 2658 60,
1893 2606 1936 2660 8,
1956 2605 2020 2652 ad
2042 2608 2076 2652 1.
2095 2606 2172 2652 Ex
2190 2606 2284 2653 hac
2303 2607 2438 2654 enim
2464 2606 2470 2618 ¹

1371 2681 1509 2737 31·ρηί
1528 2682 1679 2740 atque
1701 2679 1811 2724 ideo
1836 2681 1881 2735 (g
1897 2678 1971 2733 89,
1988 2678 2035 2734 8)
2059 2677 2303 2724 efficiendi
2330 2678 2435 2725 vim
2462 2733 2467 2743 x

1372 2750 1536 2796 habet.
1580 2749 1914 2807 Quamobrem
1958 2750 2006 2794 si
2044 2749 2096 2794 in
2129 2747 2288 2795 forma
2337 2747 2441 2795 alia

1370 2823 1494 2867 forte
1529 2820 1679 2867 verba
1722 2821 2091 2874 contineantur,
2143 2819 2220 2865 vel
2262 2813 2466 2866 addita’

1370 2892 1572 2945 fuerint,
1596 2891 1640 2936 si
1663 2901 1799 2937 nanc
1819 2903 2000 2936 novam
2020 2890 2307 2936 virtualiter
2324 2902 2438 2949 pro·

1372 2963 1673 3022 positionem
1707 2962 2012 3015 contineant,
2047 2972 2180 3007 umis
2206 2960 2436 3019 prolatis,

1373 3033 1687 3091 regulariter,
1720 3031 1854 3078 illico
1899 3032 2079 3078 ceteris
2122 3031 2343 3091 paribus,
2376 3030 2437 3078 flt

1373 3107 1761 3149 sacramentum.
1797 3103 1972 3162 Itaque
2006 3104 2047 3148 si
2082 3103 2135 3148 in
2168 3115 2437 3149 consecra-

1373 3176 1510 3220 tione
1528 3175 1690 3234 panis,
1708 3187 1922 3233 graecus
1941 3171 2217 3232 presbyter,
2233 3173 2438 3219 omittat

203 2688 411 2739 ratione,
446 2687 631 2731 etenim
667 2685 867 2730 videtur
894 2683 1266 2736 inconveniens,

202 2771 293 2802 nos
328 2757 409 2802 his
453 2756 603 2803 rebus
636 2755 944 2802 sanctificari
988 2767 1116 2814 quae
1149 2768 1268 2800 non-

205 2829 326 2873 dum
353 2827 588 2887 profanae
621 2829 760 2887 ipsae
784 2840 894 2872 esse
922 2826 1166 2872 desierint
1188 2825 1267 2883 (V.

204 2899 261 2944 D.
295 2901 430 2952 Tho„
464 2899 554 2954 111,
585 2899 658 2956 72,
691 2898 751 2948 3).

264 2972 291 3014 8
326 2970 382 3015 D.
418 2970 551 3024 Tho.²
587 2970 669 3015 cit.
704 2972 809 3014 Art.
845 2970 886 3013 3.
930 2968 1065 3014 Haec
1112 2968 1270 3027 igitur

207 3043 438 3100 quaestio
473 3040 536 3086 ad
569 3040 734 3086 oleum
768 3040 1074 3094 chrismatis,
1104 3044 1154 3083 et
1188 3039 1268 3083 in-

207 3113 464 3157 firmorum
501 3111 774 3156 dumtaxat
806 3111 1038 3170 pertinet.

266 3183 293 3224 9
326 3184 514 3237 Laym..
548 3184 626 3229 De
661 3183 915 3240 Confirm.,
949 3180 1011 3240 11,
1049 3181 1092 3226 2.
1140 3180 1270 3226 Sane

1373 3259 1430 3290 ea
1453 3245 1618 3299 verba,
1640 3248 1774 3302 quod
1788 3256 1888 3301 pro
1909 3245 2051 3289 vobis
2077 3247 2335 3298 tradetur,
2358 3241 2439 3288 vel

1373 3317 1422 3360 in
1443 3316 1817 3363 consecratione
1835 3316 1936 3360 vini
1964 3314 2155 3360 latinus
2174 3313 2324 3369 dicat,
2347 3314 2439 3371 qui

1368 3400 1467 3444 pro
1495 3400 1639 3434 vonis
1661 3399 1765 3432 non
1790 3388 2106 3443 effundetur,
2129 3383 2438 3430 consecratio

1375 3458 1641 3517 utrobique
1665 3456 1835 3502 valida
1855 3459 1956 3501 est:
1983 3467 2197 3514 quorum
2219 3453 2442 3512 primum

208 3254 463 3311 proposito
498 3251 671 3297 dubio:
697 3254 771 3297 Αη
805 3255 862 3297 in
893 3265 1019 3298 casu
1052 3253 1271 3298 necessi-

207 3326 332 3368 tatis
350 3322 634 3377 Par-ochus,
654 3326 723 3368 ad
743 3325 1067 3368 validitatem
1087 3322 1269 3367 Sacra-

209 3396 370 3440 menti
392 3392 672 3438 Extremae
707 3395 994 3447 Unctionis,
1008 3394 1174 3449 possit
1193 3394 1271 3437 uti

207 3467 312 3511 oleo
370 3477 403 3508 α
459 3477 514 3510 se
566 3465 834 3519 benedicto,
886 3464 933 3510 S.
984 3463 1040 3509 U.
1091 3463 1140 3517 1.,
1190 3462 1269 3506 die

214 3538 264 3580 14
283 3533 531 3593 Septemb.
560 3534 688 3585 1842,
714 3535 954 3593 probante
973 3534 1119 3592 Greg.
1140 3532 1272 3590 XVI,

207 3605 470 3664 respondit
500 3607 737 3662 neyative
761 3609 830 3650 ad
860 3606 1105 3662 formam.
1131 3603 1271 3649 Decr.

212 3678 265 3721 13
298 3677 407 3721 Jan.
446 3677 571 3720 1655.
607 3676 748 3732 Quod
793 3675 1095 3734 probaverat
1135 3674 1267 3718 Pau·

208 3746 291 3791 lus
316 3747 379 3799 V;
404 3749 490 3805 qui
523 3748 824 3792 contrariam
860 3747 1162 3791 sententiam
1187 3757 1273 3789 ex·

210 3817 364 3876 plosit
407 3819 552 3876 quasi
605 3818 961 3871 temerariam,
1008 3822 1056 3862 et
1104 3816 1275 3863 errori

1374 3535 1589 3583 certum,
1604 3528 1817 3574 alterum
1838 3525 2148 3586 probabilius
2168 3527 2247 3570 est
2265 3523 2443 3584 (Lugo,

1376 3599 1435 3652 11,
1478 3601 1573 3650 125,
1612 3600 1727 3653 127).

1436 3672 1465 3714 2
1496 3670 1565 3715 Of.
1587 3671 1784 3723 Ronca.‚
1811 3670 1888 3716 De
1911 3669 2075 3724 Bapt„
2098 3666 2217 3726 Gap.
2239 3664 2296 3710 V.
2326 3659 2439 3725 q.'5.

1379 3741 1591 3786 Proinde
1624 3741 1780 3786 forma
1814 3739 2017 3785 exsulat
2050 3751 2111 3783 ex
2145 3738 2189 3780 l⁰
2215 3735 2260 3782 si
2285 3735 2443 3790 dicas,

1379 3825 1422 3856 v.
1451 3824 1507 3867 c.,
1529 3812 1582 3857 in
1611 3811 1862 3870 baptismo
1900 3833 1922 3845 ·
1956 3814 2004 3856 te
2037 3809 2243 3854 absolvo
2279 3831 2298 3841 -
2337 3807 2447 3859 aut.
