2632 4094
189 93 289 150 332
476 112 620 151 niusa
655 112 722 150 ni.
757 124 780 137 ·
813 113 985 153 macr.
1022 114 1070 151 v.
1108 115 1171 153 ns
1204 114 1530 156 sncnutnro
1565 114 1833 156 ament.
1864 87 2127 156 uncrroms

2310 62 2318 79 ›
2372 63 2405 78 -*
2467 62 2470 66 ·
2550 72 2553 74 -

2288 147 2300 155 ο
2316 119 2318 125 ’
2332 114 2413 152 ἦῆ·-
2454 121 2510 151 §.33⁴
2532 115 2597 150 ,Ἐκ

2394 141 2450 194 «a
2566 149 2590 189 »ε

2429 190 2434 199 .
2463 190 2465 196 .

190 210 400 252 sensus
442 195 836 267 inungantur:
866 198 927 251 3⁰
954 201 1019 254 ut
1047 197 1344 264 continuo,
1380 213 1586 270 nempe
1613 198 1753 270 quia
1781 198 2098 270 probabilis
2123 198 2461 259 sentent&
2586 229 2632 285 ,-

191 291 300 351 est,
342 303 414 341 ex
455 286 726 341 omnibus
771 302 944 343 unam
987 288 1327 343 unctionem
1367 288 1716 353 coalescere,
1760 291 1822 344 et
1870 289 2139 347 omnibus
2189 289 2443 348 demum
2490 283 2497 291 ’
2586 294 2600 363 J

190 376 476 431 absolutis
517 376 772 445 gratiam
814 377 1097 433 conferri:
1142 378 1340 449 itaque
1383 378 1630 447 longiori
1673 378 1763 450 (V.
1806 379 1843 448 ἓ
1881 377 2013 451 238)
2055 379 2211 436 inter
2248 392 2430 436 unam

194 465 562 536 alteramque
603 481 765 520 mora
806 466 1135 536 interjecta,
1179 472 1609 523 sacramentum
1654 468 1710 522 in
1756 468 1980 524 incerto
2019 468 2152 525 erit.
2179 469 2254 526 Ut
2289 470 2444 525 licite-

192 557 362 611 haec:
406 557 462 610 1⁰
509 560 571 611 ut
615 557 814 612 unctio
845 557 946 612 flat
977 558 1207 627 pollice;
1240 573 1351 613 non
1382 558 1497 613 alio
1536 558 1738 627 digito,
1782 572 1892 613 nec
1933 557 2168 628 virgula
2201 557 2338 630 (etsi
2370 557 2430 614 id

192 660 332 701 usus
377 644 610 718 habeat)
651 646 760 702 nisi
803 662 920 717 qua
951 648 1117 717 justa
1158 662 1337 702 causa
1377 649 1566 702 subsit
1597 646 1732 719 (30):
1764 648 1822 702 2⁰
1851 651 1915 702 ut
1957 648 2015 702 in
2057 648 2248 704 crucis
2282 649 2428 718 flgu·

191 751 344 791 ram:
375 737 435 791 3ο
464 740 527 790 ut
571 737 626 790 in
670 737 942 792 sensibus
981 737 1256 805 geminis,
1284 739 1345 791 et
1378 738 1651 791 sacerdos
1693 752 1806 791 non
1852 736 2008 807 prius
2049 737 2291 793 formam
2326 737 2428 794 ab·

191 826 398 888 solvat,
442 842 617 896 quam
661 832 971 896 utrumque
1029 827 1373 895 perunxerit
1417 828 1555 895 (31):
1598 830 1657 881 4⁰
1697 827 1931 881 demum
1974 830 2038 881 ut
2077 841 2281 882 omues
2321 841 2463 881 un·-

191 915 417 987 9tiones
458 932 530 971 ex
572 917 775 970 ordine
818 918 977 971 flant.
1022 916 1278 971 Primum
1321 923 1383 971 et
1410 917 1664 971 alterum
1707 917 1839 971 leve
1882 919 1990 981 est,
2018 915 2261 972 tertium
2295 915 2429 972 leve

193 1009 350 1075 put0,
395 1006 663 1060 ultimum
707 1006 897 1060 Nostri
941 1021 1126 1075 grave
1169 1021 1298 1061 esse
1341 1007 1555 1061 docent
1585 1008 1713 1078 (32).
1744 1007 1964 1061 Verum
2006 1007 2152 1063 haec
2195 1006 2430 1076 regula-

193 1097 366 1151 riter:
409 1111 544 1150 nam
586 1095 633 1150 si
680 1096 1006 1165 periculum
1035 1096 1111 1150 sit
1142 1096 1198 1150 in
1230 1112 1404 1159 mora,
1448 1096 1534 1150 fas
1575 1096 1690 1151 erit
1730 1111 1932 1150 omnes
1962 1095 2269 1152 unctiones
2302 1109 2429 1165 per·
2507 1143 2511 1147 .
2604 1097 2632 1157 ,ἢ

192 1186 370 1239 ficere
410 1186 518 1239 sub
562 1185 734 1239 unica
789 1186 1032 1239 formula
1071 1188 1179 1238 Per
1216 1189 1368 1239 iscam
1409 1202 1451 1237 5.
1494 1188 1782 1239 unctionem
1837 1193 1885 1239 eb
1940 1202 2094 1239 suam
2136 1186 2432 1256 piissimam

190 1277 598 1328 misericordiam
621 1276 892 1344 indulyeat
909 1276 999 1328 tibi
1020 1276 1163 1328 Deus
1188 1277 1439 1344 quidquid
1462 1278 1724 1345 deliquisti
1737 1293 1835 1346 per
1863 1278 2033 1329 visum
2054 1273 2211 1346 (dum
2233 1273 2432 1330 oculos
2451 1298 2465 1337 r·

195 1363 453 1433 inungit)
490 1364 757 1417 auditum
801 1367 911 1418 etc.
958 1365 1084 1431 (33).
1127 1364 1321 1426 Immo,
1350 1365 1396 1418 si
1426 1371 1707 1434 aegrotus
1747 1366 1942 1419 morbo
1985 1363 2323 1434 contagioso
2351 1363 2459 1419 le.-i

194 1454 380 1514 boret,
419 1456 523 1507 aut
564 1453 818 1507 animam
861 1458 1023 1520 agat,
1052 1453 1197 1507 satis
1238 1453 1351 1507 erit
1395 1454 1569 1507 unica
1609 1455 1883 1509 unctione
1925 1452 2190 1525 defungi,
2220 1466 2431 1523 nempe

192 1543 365 1613 (quod
395 1547 486 1596 est
517 1541 867 1612 consultius)
903 1543 957 1595 in
992 1542 1197 1604 fronte,
1229 1543 1322 1596 vel
1355 1549 1608 1612 pectore,
1633 1544 1725 1598 vel
1757 1543 2029 1614 scapuliS,
2063 1544 2151 1598 liis
2181 1542 2433 1598 verbis-

193 1634 442 1702 quidquid
468 1649 566 1701 per
607 1646 832 1686 sensus
866 1634 1143 1700 deliquisti.
1174 1633 1251 1686 At
1281 1633 1437 1686 enim
1481 1634 1538 1686 in
1582 1633 1688 1686 hoc
1718 1632 2023 1703 posteriori
2067 1647 2225 1697 casu,
2253 1631 2300 1687 si
2333 1645 2432 1701 pe-

194 1722 445 1776 riculum
475 1721 817 1784 cessaverit,
848 1736 1048 1776 omnes
1080 1725 1385 1776 unctiones
1414 1723 1485 1777 de
1518 1738 1689 1783 more,
1713 1713 2198 1787 sub'conditione,
2231 1726 2433 1792 postea

198 1814 325 1869 fieri
368 1813 669 1868 debebunt
700 1812 835 1884 (34).

270 1905 397 1958 421.
430 1905 516 1957 Ad
562 1905 705 1958 haec
745 1919 931 1972 grave
975 1906 1082 1965 est,
1124 1903 1272 1958 citra
1314 1904 1727 1959 necessitatem
1773 1904 1824 1958 1⁰
1864 1903 2135 1959 omittere
2175 1904 2435 1957 orationes

196 2010 232 2049 a
272 1994 390 2048 Rit.
432 1993 594 2047 Rom.
640 1994 1030 2063 praescriptas
1066 1995 1198 2064 (35);
1231 2001 1291 2048 et
1333 1994 1378 2048 si
1427 1994 1875 2063 praetermissae
1911 1993 2147 2056 fuerint,
2189 1992 2435 2061 aegroto

196 2083 270 2138 ad
296 2084 519 2138 exitum
547 2087 912 2153 properante,
939 2087 998 2137 et
1023 2087 1228 2153 postea
1244 2087 1519 2157 suppetat
1542 2088 1791 2153 tempuS‚
1811 2083 2094 2138 dicendae
2113 2076 2433 2152 erunt(36)i

194 2174 251 2227 2⁰
294 2174 399 2227 hoc
441 2176 875 2227 sacramentum
912 2173 1245 2227 ministrare
1281 2173 1407 2228 sine
1437 2173 1862 2242 superpelliceo
1903 2175 1962 2227 et
2003 2171 2153 2227 stola
2186 2170 2298 2225 nisi
2335 2183 2436 2225 ne·

200 2263 447 2317 cessitas
488 2267 702 2331 urgeat
745 2264 875 2334 (37).
919 2266 993 2316 At
1036 2263 1165 2317 leve
1209 2267 1299 2317 est
1342 2263 1485 2316 illud
1531 2263 1794 2317 conferre
1842 2262 1969 2317 sine
2026 2261 2263 2326 lumine,
2305 2259 2434 2316 siue

197 2352 480 2415 ministro,
506 2353 598 2406 vel
631 2352 884 2407 foemina
912 2353 1285 2407 ministrante
1308 2351 1441 2424 (38).
1473 2353 1559 2406 Ad
1594 2353 1861 2407 ultimum
1895 2351 1993 2422 qui
2024 2350 2090 2405 E.
2120 2352 2184 2407 U.
2212 2350 2459 2405 confert.-
2496 2333 2517 2359 ⁸

196 2442 531 2495 voluntarie
563 2443 880 2496 distractus
909 2443 1118 2505 anim0‚
1149 2443 1290 2497 licet
1312 2444 1484 2511 culpa
1514 2457 1623 2496 uon
1655 2446 1841 2504 vacet,
1872 2441 2272 2504 nihilominuS,
2302 2454 2436 2495 cum
2475 2471 2483 2479 -

197 2531 381 2584 forma
422 2532 828 2600 deprecatoria
870 2532 962 2592 sit,
994 2532 1187 2586 valide
1222 2532 1470 2595 confert;
1503 2547 1611 2587 nec
1649 2532 1981 2586 audiendus
2010 2534 2102 2587 est
2146 2544 2299 2584 unus
2338 2527 2435 2583 vel
2473 2555 2481 2581 .

197 2620 353 2675 alter
391 2621 722 2689 Tlieologus
763 2622 861 2690 qui
905 2626 1111 2675 contra
1151 2622 1337 2676 sensit
1369 2620 1499 2694 (39).

198 2781 272 2827 os,
314 2769 621 2827 compressis
669 2768 834 2822 labiis,
860 2792 879 2802 ·
907 2770 1020 2814 vola
1065 2769 1174 2826 (sed
1218 2769 1268 2814 in

203 2838 552 2886 sacerdotibus
576 2841 627 2885 in
652 2838 837 2900 quibus
862 2840 984 2886 haec
1011 2841 1117 2900 jam
1143 2839 1268 2886 alias

200 2914 369 2964 uncta,
406 2913 788 2970 metacarpium‚
824 2914 972 2957 dosso
995 2913 1133 2958 della
1160 2925 1269 2958 ma-

202 2993 289 3034 no>
309 3006 329 3016 ·
351 2982 524 3042 planta
547 2982 709 3040 pedis,
738 2982 814 3027 vel
839 2987 916 3030 (ut
936 2982 1143 3041 alicubi)
1170 2996 1269 3028 me·

202 3052 474 3098 tatarsium
513 3054 662 3108 (eollo
695 3056 779 3100 del
804 3053 990 3112 piede).

262 3124 318 3166 30
354 3123 401 3167 S.
438 3123 491 3168 R.
528 3124 596 3177 C„
634 3124 662 3166 9
696 3123 811 3183 Maji
854 3125 978 3169 1847.
1025 3124 1080 3167 V.
1126 3138 1181 3179 c.,
1225 3124 1269 3170 si

202 3193 437 3238 infirmus
473 3194 644 3240 morbo
679 3196 970 3253 contagioso
1004 3195 1205 3240 laboret.

268 3264 317 3307 31
348 3263 446 3307 Rit.
471 3266 622 3317 Rom„
647 3269 677 3319 g
709 3266 773 3310 16.
801 3267 911 3310 Etsi
932 3267 986 3311 id
1004 3279 1133 3310 usus
1150 3270 1268 3316 elc.‚·

204 3339 404 3381 remota
461 3338 783 3380 necessitatis
842 3342 930 3382 etc.
982 3336 1051 3385 (S.
1107 3337 1163 3382 R.
1215 3337 1267 3384 C.

213 3405 266 3449 12
298 3407 425 3463 Aug.
469 3406 611 3457 1854).

265 3476 325 3521 32
340 3477 398 3520 V.
419 3477 468 3523 S.
489 3477 654 3535 Alph.,
673 3477 757 3533 VI,
773 3483 796 3523 7
813 3481 877 3524 10.
895 3479 952 3523 V.
970 3482 1076 3526 Nec
1097 3483 1268 3526 etiam.

265 3549 323 3592 33
355 3547 507 3595 Croix
543 3547 627 3599 VI,
655 3549 712 3602 11,
739 3551 869 3593 2121.
894 3550 1268 3596 Praemittendo

204 3618 410 3663 verbum
446 3621 741 3677 deliquisti:
774 3634 848 3672 ne,
884 3636 939 3666 eo
970 3623 1266 3681 postposito,

205 3692 253 3732 et
267 3689 463 3733 infirmo
478 3695 674 3735 mortuo
689 3692 910 3735 nondum
929 3692 1161 3737 omnibus
1177 3705 1267 3736 un-

202 3759 455 3804 ctionibus
480 3761 744 3816 absolutis,
761 3762 888 3806 nihil
908 3762 1050 3817 forte,
1067 3764 1268 3808 omnino

205 3835 374 3874 actum
408 3832 476 3874 sit
502 3832 567 3885 (S.
595 3831 755 3890 Alph„
780 3832 859 3885 VI,
878 3833 1003 3881 710„

1431 2771 1486 2815 34
1521 2770 1673 2818 Croix
1706 2771 1756 2815 et
1784 2769 1831 2815 S.
1857 2767 2024 2828 Alph„
2049 2767 2099 2813 ll.
2125 2779 2194 2830 cc.
2219 2764 2351 2824 Quid
2374 2764 2436 2823 si,
2469 2735 2478 2786 .'
2525 2799 2527 2801 .
2579 2775 2581 2777 ’
2606 2766 2619 2841 ’Δ

1370 2855 1484 2887 cum
1521 2845 1758 2900 aegrotus
1788 2844 1903 2898 post
1927 2852 2185 2892 manuum,
2215 2841 2334 2884 ante
2353 2849 2438 2898 pe·

1371 2911 1505 2963 dum,
1543 2916 1592 2956 et
1626 2924 1802 2956 renum
1840 2911 2144 2961 unctionem,
2188 2909 2440 2966 spiritum

1371 2983 1602 3028 emisisse
1631 2983 1774 3028 visus
1806 2981 1974 3038 fuerit,
2007 2979 2242 3026 sacerdos
2273 2989 2441 3025 cessa-

1370 3054 1511 3106 verit,
1546 3058 1595 3098 et
1628 3057 1744 3113 post
1777 3051 1926 3098 horae
1958 3051 2307 3111 quadrantem,
2331 3048 2437 3095 ani·

1371 3125 1656 3170 madvertat
1679 3123 1845 3170 adhuc
1873 3136 1987 3168 eum
2011 3119 2214 3167 vivere?
2250 3117 2439 3164 Existi-

1371 3209 1465 3245 mo,
1491 3208 1605 3241 cum
1641 3196 1906 3240 unctiones
1941 3190 2241 3238 essentiales
2263 3200 2437 3235 omnes

1371 3271 1601 3325 peractae
1621 3265 1821 3318 fuerint,
1847 3264 1975 3309 nihil
1999 3261 2287 3308 iterandum
2310 3271 2438 3312 esse,

1371 3350 1461 3382 nec
1495 3336 1590 3382 sub
1624 3336 1934 3391 conditione;
1969 3333 2097 3379 nihil
2131 3329 2435 3378 addendum.

1431 3408 1490 3452 35
1523 3408 1571 3452 S.
1594 3406 1763 3466 Alph.,
1788 3405 1874 3460 VI,
1897 3405 2001 3451 727.
2024 3403 2134 3449 Non
2157 3402 2281 3447 item
2304 3397 2438 3459 psal-

1375 3491 1482 3523 mos
1518 3482 1567 3522 et
1589 3477 1795 3522 litanias
1818 3490 1959 3536 quae,
1993 3488 2104 3530 nond
2128 3487 2157 3519 a
2187 3471 2433 3524 ministro,

1372 3548 1462 3594 sed
1497 3548 1557 3594 ab
1591 3547 1913 3594 adstantibus
1947 3544 2160 3592 dicenda
2193 3543 2332 3588 sunt.

1433 3621 1490 3664 36
1523 3620 1622 3665 Rit.
1657 3619 1812 3673 Rom„
1837 3622 1867 3672 ἓ
1890 3609 1940 3661 ’9.

1432 3689 1489 3733 37
1523 3690 1572 3737 S.
1608 3689 1771 3748 Alph.‚
1806 3688 1887 3741 v1,
1921 3687 2027 3733 726.

1431 3762 1489 3804 38
1523 3764 1565 3808 S.
1599 3761 1765 3819 Alph.,
1798 3758 1880 3813 VI,
1914 3759 2018 3811 724,
2048 3756 2153 3802 728.

1433 3833 1488 3875 39
1523 3832 1569 3877 S.
1606 3831 1771 3889 alpii„
1802 3829 1885 3884 IV,
1924 3830 2021 3874 177.
2053 3828 2205 3873 Ratio
2240 3825 2285 3872 3.
