2632 4094
210 105 308 162 136

208 310 322 350 non
365 297 533 364 gravi
564 295 694 364 (36).

592 125 732 162 LIBER
768 125 815 162 Π.
850 138 873 151 ·
906 126 1078 165 ΊἮΔΟΤ.
1114 126 1179 165 ΠῘ.
1219 129 1281 167 ΒΕ
1315 127 1718 167 OBLIGATIONIBUS
1753 127 2067 171 Classfllconu.
2518 169 2576 199 ἢ...

208 207 348 277 quin
380 209 441 262 et
471 206 606 270 levi,
629 208 675 262 si
709 209 801 263 vel
833 223 946 264 non
976 209 1205 280 longior
1230 209 1429 276 fuerit;
1460 213 1555 268 vel
1586 228 1661 267 ex
1689 227 1868 269 causa
1897 214 2146 272 honesta
2173 217 2410 288 quamvi
2503 250 2509 266 ι

290 388 411 439 151.
441 386 526 439 Ad
560 387 706 441 haec
734 388 831 457 qui
875 389 1127 445 officium
1164 390 1379 445 recitat
1422 390 1479 445 in
1523 392 1714 455 oborn,
1757 392 1852 450 vel
1895 408 2025 449 cum
2067 395 2239 461 socio,
2267 349 2439 469 defiet

210 476 449 544 integra
500 477 751 533 recitare
806 495 876 534 ea
929 495 1080 550 quae
1136 483 1368 536 secreto
1417 482 1717 544 dicuntum
1768 484 2014 539 alteruis
2057 485 2192 555 (non
2234 483 2440 555 ternis)
2512 492 2515 497 '

210 565 437 621 vicibus
480 568 739 639 hymnoS,
788 570 1053 639 psalmos,
1098 572 1442 625 versiculos:
1486 576 1547 627 at
1590 573 1809 627 sufficit
1849 574 2054 630 audire
2098 577 2247 647 (dum
2288 572 2444 630 alius

209 670 280 710 ea
322 655 490 727 legit)
534 658 904 728 antiphonas,
937 662 1301 729 responsoria
1344 662 1565 725 brevia,
1604 666 1665 717 et
1706 663 2008 720 lectiones.
2039 664 2214 720 Porro
2254 665 2444 737 quoad

209 759 281 799 ea
321 761 473 815 quae
515 747 707 802 socius
748 750 975 812 recitat,
1010 750 1173 818 legit,
1213 755 1275 804 ut
1317 753 1382 805 tu
1425 752 1767 807 satisfacere
1812 755 2012 822 possis,
2053 770 2301 811 necesse
2334 755 2442 819 est,

209 837 274 889 ut
315 838 375 890 et
429 836 478 891 is
529 838 725 892 omnia
776 840 1028 908 proferat
1083 840 1212 902 rite,
1255 856 1324 895 ac
1368 842 1547 904 recte,
1594 846 1774 913 tuque
1819 845 1963 899 haec
2003 859 2144 900 aure
2185 845 2447 916 accipias
2487 883 2490 888 ·

207 923 297 992 (V.
354 924 421 992 II,
468 926 504 994 ἓ
552 927 666 997 21).
723 928 1127 992 Nihilominus,
1181 931 1320 1000 quia
1377 946 1577 986 omues
1637 932 1958 988 recitantes
2018 949 2195 989 unum
2254 933 2446 990 veluti

207 1029 419 1085 corpus
460 1017 804 1080 costituunt,
848 1020 908 1072 et
950 1019 1088 1087 quia
1130 1035 1200 1073 ea
1243 1035 1397 1089 quae
1441 1021 1694 1076 invicem
1739 1022 1996 1077 recitant
2021 1020 2250 1091 legunt,
2291 1037 2446 1078 com-

208 1105 588 1160 municantur
633 1105 762 1177 (37),
805 1108 850 1160 si
898 1124 999 1176 per
1049 1113 1107 1163 te
1151 1124 1262 1163 non
1307 1111 1440 1175 stet,
1483 1111 1794 1180 quominus
1844 1127 1989 1167 aure
2043 1111 2332 1182 percipias
2379 1125 2452 1168 ea

209 1209 362 1264 quae
400 1195 592 1250 altera
635 1211 767 1264 pars
809 1197 986 1259 chori,
1017 1198 1111 1253 vel
1156 1199 1351 1254 socius
1394 1201 1624 1263 recitat,
1669 1201 1966 1269 probabile
2008 1203 2098 1256 est
2125 1199 2454 1271 (dummodo

207 1284 483 1339 attendas
524 1289 809 1355 quantum
853 1286 1055 1358 potes),
1085 1290 1144 1342 te
1186 1287 1559 1353 satisfacere;
1603 1290 1967 1345 surdastrum
2010 1305 2262 1361 quoque,
2303 1292 2364 1346 et
2391 1289 2485 1365 in..

210 1374 450 1428 confuso
488 1375 828 1429 audientem
881 1374 1009 1447 (38).
1056 1375 1334 1432 Ceterum
1377 1378 1423 1432 si
1467 1379 1601 1448 quis
1646 1382 1879 1434 omittat
1925 1380 2162 1451 aliquod
2207 1381 2481 1436 verbum*

209 1462 365 1522 dum,
408 1481 462 1515 v.
506 1479 572 1526 c.,
609 1465 803 1533 pulsat
845 1480 1084 1533 organa,
1127 1467 1266 1520 thus
1307 1464 1518 1531 adolet,
1562 1469 1812 1538 psalmos
1852 1470 1945 1524 vel
1989 1469 2287 1526 orationes
2328 1485 2457 1539 per-

210 1553 410 1623 quirit,
455 1569 566 1607 non
610 1557 853 1609 tenetur
893 1556 1184 1624 supplere,
1229 1557 1368 1626 quia
1409 1558 1622 1612 chorus
1662 1559 1895 1628 supplet
1922 1558 2058 1631 (39).

289 1643 409 1696 152.
454 1644 502 1696 Α
532 1644 879 1699 recitatione
913 1645 1098 1699 divini
1129 1646 1304 1700 officii
1348 1650 1638 1702 excusant
1670 1648 1723 1702 1⁰
1751 1649 2115 1718 impotentia,
2143 1650 2202 1704 2⁰
2231 1650 2456 1704 incom-

210 1733 443 1786 modum
485 1748 688 1802 grave,
720 1737 781 1788 et
809 1735 864 1789 3⁰
894 1735 1139 1804 quaevis
1179 1735 1300 1790 alia
1340 1737 1677 1791 necessaria
1717 1739 2041 1807 occupatio,
2082 1740 2169 1794 Ex
2201 1740 2255 1794 1⁰
2281 1754 2456 1795 excu-

213 1825 421 1878 santur
461 1824 618 1878 caeci
664 1823 795 1895 (40),
840 1827 899 1878 et
941 1825 1038 1895 qui
1086 1826 1378 1880 breviario
1411 1829 1617 1880 carent
1646 1827 1880 1881 omuino
1904 1826 2042 1899 (41);
2071 1830 2196 1893 aut,
2236 1828 2455 1893 veriuS,

213 1914 442 1982 proprio
482 1914 636 1983 quia,
681 1915 793 1968 nisi
837 1929 908 1969 ea
950 1915 1131 1969 forma
1172 1919 1408 1970 servata
1453 1914 1509 1986 (g
1542 1918 1665 1979 148,
1713 1914 1822 1987 19),
1865 1917 2137 1973 satisfieri
2179 1933 2295 1973 non
2337 1919 2457 1988 pot·

215 2003 306 2056 est
331 2002 455 2073 (42).
493 2003 577 2056 Ex
605 2004 662 2057 2⁰
690 2004 789 2073 qui
819 2005 1035 2068 morb0,
1065 2005 1181 2059 levi
1214 2020 1466 2075 quoque,
1511 2005 1796 2069 laborant,
1838 2006 1884 2061 si
1930 2007 2102 2062 horas
2141 2006 2456 2063 canonicas

272 2163 330 2207 36
349 2163 508 2217 Suar„
535 2163 602 2215 15,
628 2166 677 2222 43
703 2163 753 2210 S.
778 2164 937 2223 Alph.,
958 2164 990 2211 1.
1013 2178 1051 2210 c.
1080 2165 1143 2209 Et
1165 2164 1282 2211 licet

214 2246 324 2280 eam
388 2234 719 2295 interruperis
784 2237 951 2281 animo
1024 2236 1280 2295 repetendi

211 2303 402 2364 (Vasq.,
436 2304 596 2359 Suar.,
628 2304 825 2360 Bonae,
848 2319 897 2350 n.
926 2305 1003 2363 ¹33
1038 2306 1284 2360 Less.,11‚

213 2375 286 2427 37,
311 2377 384 2432 49,
406 2379 581 2420 contra
614 2377 801 2435 Azor.);
836 2381 886 2422 et
912 2377 1025 2437 J‘ure
1058 2390 1282 2437 prorsus.

213 2446 322 2502 Quo
357 2450 527 2491 autem
561 2446 668 2492 loco
702 2448 883 2493 recitet
912 2449 1042 2507 quis,
1067 2462 1166 2495 non
1200 2451 1278 2495 in-

214 2517 451 2578 quiritur,
477 2516 624 2563 modo
648 2517 788 2563 locus
819 2520 1148 2564 attentionem
1186 2533 1283 2565 non

215 2587 463 2647 impediat
496 2587 562 2638 (S.
592 2587 758 2648 Alph„
792 2587 874 2642 IV,
915 2590 1040 2644 179>2
1075 2591 1283 2651 ideoque

213 2659 267 2704 in
302 2659 384 2704 via
429 2661 629 2705 recitari
679 2663 863 2719 potest,
898 2666 948 2706 et
981 2661 1032 2706 in
1067 2661 1286 2718 stabulo,

215 2730 401 2786 cete-ris
434 2730 656 2791 paribus.
692 2731 791 2778 Nec
824 2743 923 2790 quo
946 2735 1086 2778 situ:
1121 2738 1172 2778 et
1204 2748 1286 2779 ru·

214 2800 381 2847 bricae
429 2814 557 2862 quae
606 2806 754 2857 stare,
788 2804 1141 2862 genuflectere,
1176 2807 1285 2863 etc,

210 2870 407 2931 J'ubent,
433 2873 497 2918 ad
529 2874 739 2919 chorum
774 2875 1029 2933 pertinent
1060 2875 1129 2933 (S.
1154 2875 1209 2920 R.
1235 2875 1287 2920 G.

221 2942 275 2986 12
291 2942 413 2988 Nov.
441 2943 583 3003 1831).
603 2944 700 2989 Sed
720 2947 947 2990 ettotam
967 2945 1284 2991 recitandum

216 3018 311 3059 est.
344 3014 477 3070 Quid
511 3015 554 3059 si
590 3028 685 3059 non
713 3016 960 3064 meminis,
988 3019 1159 3060 utrum
1188 3015 1283 3061 ali·

218 3084 340 3143 quid
374 3086 679 3144 recitaveris,
706 3090 755 3131 et
786 3085 1044 3145 probabile
1068 3086 1138 3131 sit
1166 3086 1289 3131 reci-

217 3157 381 3198 tatum
399 3155 557 3200 fuisse
570 3155 592 3199 ⁴?
606 3157 1023 3202 communissima
1035 3156 1288 3201 sententia

218 3227 311 3278 est,
329 3224 456 3269 nihil
477 3240 586 3271 esse
610 3227 956 3285 repetendum.
976 3225 1031 3272 V.
1057 3226 1103 3272 S.
1121 3226 1285 3286 Alph.,

216 3293 302 3346 IV,
341 3295 448 3348 150;
484 3296 572 3340 sed
604 3298 711 3355 ipse
747 3303 924 3356 postea
957 3297 1017 3342 ab
1050 3299 1145 3344 hae
1178 3311 1289 3343 sen-

218 3365 379 3411 tentia
413 3366 667 3413 discessit.
702 3367 756 3411 V.
796 3367 919 3413 Prol.
953 3366 985 3428 §
1025 3369 1121 3413 169.

280 3437 338 3481 37
370 3435 448 3481 Ex
482 3437 537 3485 C.
567 3439 601 3489 1,
627 3439 701 3485 De
729 3440 915 3485 Celebr.
936 3439 1287 3494 Miss.,·Salrn.,

222 3508 292 3560 16,
332 3509 368 3566 l,
402 3507 474 3551 24.

281 3579 339 3622 38
372 3577 420 3624 S.
443 3577 608 3638 Alph.,
634 3579 715 3634 IV,
746 3581 843 3637 163,
866 3594 910 3640 q.
936 3582 974 3625 2.
1002 3581 1058 3626 V.
1093 3595 1137 3627 c.
1169 3581 1290 3642 quia

220 3649 466 3707 strepitus
489 3649 547 3694 fit
566 3649 632 3706 (S.
652 3650 813 3710 Alph„
835 3651 865 3696 l.
885 3665 923 3696 c.
946 3661 1052 3711 pr.l,
1072 3653 1152 3698 vel
1171 3652 1291 3712 quia

220 3718 391 3764 socius
410 3719 666 3767 submissa
684 3735 801 3767 voce
820 3723 999 3768 recitat
1013 3723 1182 3773 (Salm.
1204 3724 1289 3769 cit.

220 3801 269 3833 n.
302 3789 397 3844 24),
430 3789 506 3834 vel
547 3795 750 3850 propter
781 3792 1175 3851 ineptitudinem
1213 3793 1284 3837 le-

219 3860 390 3917 gentis
405 3861 738 3918 (S.Antonin.,
750 3863 800 3909 P.
819 3862 882 3919 11,
899 3861 995 3908 Tit.
1012 3863 1055 3916 9,
1066 3863 1186 3922 Cap.
1205 3863 1290 3915 12).

1382 2165 1758 2211 Surda-strum.-
1792 2167 1872 2211 An
1909 2167 1959 2212 et
1993 2164 2246 2212 surdum?
2293 2165 2363 2211 Et
2410 2165 2458 2212 si

1383 2237 1565 2282 recites
1591 2249 1705 2281 cum
1734 2237 1884 2294 socio,
1908 2236 2030 2297 quia
2058 2250 2158 2282 non
2179 2235 2376 2297 cogeris
2398 2248 2456 2283 eo

1383 2308 1458 2353 uti
1478 2307 1582 2352 DD.
1593 2308 1927 2353 communiter
1944 2307 2458 2368 negant(Salm.,l.e.):

1385 2380 1463 2424 sin
1485 2378 1535 2422 in
1551 2377 1714 2431 choro,
1730 2378 1897 2424 adhuc
1916 2381 2106 2437 negant
2118 2377 2236 2432 Pal„
2256 2377 2468 2435 Sanoh.,·

1385 2448 1544 2504 Elbel‚
1588 2448 1636 2494 S.
1672 2448 1836 2507 Alph„
1870 2449 1900 2493 l.
1936 2462 1992 2501 c.,
2024 2459 2070 2507 q.
2104 2448 2147 2493 3.
2187 2447 2456 2495 Affirmant

1386 2519 1547 2573 Suar.,
1570 2518 1666 2570 Sa„
1688 2519 1886 2573 Bonae„
1911 2518 2080 2571 Salm.,
2103 2522 2225 2572 ete.;
2247 2530 2340 2565 nec
2362 2518 2458 2564 im·

1388 2590 1583 2647 merito,
1604 2602 1720 2634 nam
1740 2591 1936 2648 oportet
1959 2589 2100 2635 chori
2123 2588 2456 2649 obligationes
2480 2590 2486 2612 ³

1388 2663 1439 2706 et
1464 2661 1581 2720 jura
1613 2673 1775 2720 aequa
1807 2659 1949 2706 lance
1984 2659 2164 2706 metiri.

1448 2732 1508 2775 39
1541 2731 1593 2778 C.
1635 2731 1671 2787 l,
1704 2732 1778 2777 De
1815 2731 2000 2779 celebr.
2036 2731 2180 2776 Mis-5.

1448 2799 2482 2860 40Suar.,23,3;Laym.,VI,1;Saneh.etc.‘
2548 2854 2550 2857 ,
2612 2762 2632 2818 ⁴‘.

1390 2874 1454 2918 Et
1487 2872 1647 2918 oculis
1684 2872 1964 2932 caligantes
2000 2870 2187 2927 (Salm.,
2214 2869 2284 2926 16,
2307 2871 2352 2931 3,
2373 2871 2462 2930 39).

1390 2943 1492 2989 Nec
1512 2945 1749 2988 tenentur
1773 2941 2012 2987 mandare
2031 2942 2299 2989 memoriae
2325 2941 2462 3002 quod

1389 3015 1628 3060 nesciunt
1658 3012 1727 3071 (S.
1762 3011 1927 3072 Alph„
1961 3011 2043 3068 IV,
2084 3013 2203 3071 138).

1450 3086 1502 3129 41
1534 3084 1703 3138 Salm.,
1730 3084 1794 3139 16,
1815 3085 1856 3136 3,
1879 3085 1951 3129 40.
1964 3083 2152 3129 Verum
2171 3083 2225 3129 hi
2242 3087 2295 3130 et
2310 3082 2461 3138 caeci,

1390 3155 1468 3201 vel
1487 3155 1781 3213 caligantes,
1805 3155 1942 3200 socio
1966 3154 2042 3199 uti
2065 3153 2260 3210 debent,
2284 3154 2330 3199 si
2354 3151 2462 3199 abs·

1389 3239 1487 3286 que
1526 3225 1631 3272 ulla
1663 3227 1896 3285 impensa
1921 3228 1971 3270 et
2002 3223 2259 3272 commode
2292 3235 2350 3269 eo
2383 3223 2462 3268 uti

1392 3299 1591 3357 possint
1634 3297 1816 3354 (Suar.,
1847 3297 1919 3349 28,
1962 3298 2041 3348 143
2087 3294 2258 3347 Salm.,
2289 3307 2337 3338 n.
2369 3294 2462 3344 443

1393 3369 1443 3416 S.
1469 3369 1634 3429 Alph„
1659 3367 1744 3425 IV,
1774 3368 1879 3421 158;
1905 3366 1962 3411 V.
1996 3365 2122 3413 Prol.
2148 3365 2176 3423 g
2214 3364 2326 3421 171).
2362 3364 2462 3411 Sed

1393 3454 1454 3486 an
1475 3442 1708 3485 teneatur
1727 3452 1781 3484 eo
1803 3438 1894 3492 uti,
1909 3449 2024 3483 cum
2043 3435 2215 3496 aliqua
2228 3439 2462 3496 impensa

1392 3524 1519 3570 opus
1555 3512 1651 3565 est,
1685 3510 1730 3555 is
1764 3509 1851 3569 qui
1877 3512 2042 3568 potest
2065 3521 2173 3555 eam
2199 3507 2461 3555 detrahere

1392 3594 1453 3625 ex
1487 3578 1736 3625 fructibus
1780 3579 1861 3624 sui
1908 3577 2150 3633 beneficii,
2185 3590 2285 3624 non
2332 3577 2462 3623 satis

1392 3650 1627 3697 convenit
1660 3649 1727 3704 (S.
1755 3649 1920 3707 Alph.,
1953 3647 1985 3693 l.
2020 3650 2100 3703 c.).

1451 3722 1510 3764 42
1534 3720 1588 3765 V.
1615 3718 1949 3779 S.Alph.,1V‚
1973 3718 2069 3763 158.
2091 3720 2160 3765 At
2177 3731 2292 3765 vero
2313 3731 2461 3766 nemo

1395 3790 1608 3846 dubitat,
1639 3791 1684 3836 ei
1717 3791 1804 3850 qui
1838 3802 1937 3835 non
1969 3791 2140 3848 potest
2170 3787 2336 3848 legere
2358 3788 2463 3835 offi-

1392 3862 1528 3907 cium
1559 3863 1843 3919 proprium
1874 3863 1937 3907 de
1971 3859 2176 3914 Sanam,
2223 3858 2307 3905 vel
2350 3859 2462 3906 suis

2311 92 2330 112 3⁴
2368 86 2453 139 llff'v.
2486 83 2515 122 θ’.
2565 103 2576 125 0
