2632 4094
234 195 331 251 196

2411 107 2529 162 Ἢν

916 211 1058 251 tiaza
1094 213 1143 251 u.
1179 225 1202 236 -
1236 213 1407 253 ruer.
1444 213 1509 251 ιν.
1547 213 1610 252 οι
1645 213 1773 252 voro
2488 180 2491 183 ’

231 295 278 351 si
298 295 555 351 revocati
575 294 811 360 suerint,
829 295 1020 352 redire
1042 294 1469 368 tenentur(87).
1486 297 1610 352 Non
1627 296 1767 353 item
1794 298 1927 352 voto
1946 298 2311 379 paupertatis
2324 298 2467 375 (88):

231 385 358 439 ideo
387 399 495 439 neo
524 386 947 441 testamentum
973 386 1168 443 facere
1199 388 1441 456 possunt
1471 384 1613 458 (89);
1644 401 1753 443 nee
1781 385 2101 459 quidquam
2126 388 2235 444 sibi
2264 391 2464 463 aequi·

230 487 377 536 rere,
406 473 508 528 sed
542 473 820 544 quidquid
846 475 1180 546 acquirunt,
1212 475 1352 545 ipsis
1382 474 1643 540 mortuis,
1672 475 2009 532 devolvitur
2026 478 2165 548 jure
2192 479 2359 550 spolii
2389 481 2465 536 ad

230 563 293 618 R.
325 561 387 616 C.
418 565 482 617 A.
514 562 656 635 (90):
684 567 747 619 at
782 564 1021 620 interim
1059 565 1490 620 administratio
1529 579 1708 636 penes
1749 564 1903 635 ipsos
1944 570 2052 631 est,
2092 585 2182 623 neo
2219 570 2475 639 cuiquam

225 670 386 707 curae
423 661 511 715 est,
554 655 796 723 quomodo
834 655 1125 724 expendant
1152 654 1277 725 (91).
1308 654 1395 708 Ad
1426 655 1570 710 haec
1598 655 1744 722 ejecti
1770 669 2010 711 necesse
2052 655 2274 712 habent
2308 657 2466 713 ince-

224 743 365 799 dere
409 743 468 798 in
511 744 716 799 babitu
757 746 819 798 et
849 748 1087 798 tonsura
1129 743 1392 798 clericali
1437 746 1496 798 et
1537 743 1778 798 subesse
1819 742 2125 799 Ordinario
2167 744 2277 800 loci
2321 745 2463 816 (92);

223 847 293 887 ae
335 835 620 903 perpetua
646 833 1030 903 suspensione
1060 835 1341 888 tenentur
1369 830 1538 902 (Prol.
1567 834 1604 901 ἓ
1635 833 1762 896 395,
1793 832 1893 904 5⁰);
1924 834 2130 888 sublata
2165 834 2474 890 ordinariis

210 924 479 989 facultate
515 939 627 976 eam
668 923 967 988 relaxandi,
1004 929 1102 977 aut
1141 923 1448 975 moderandi
1471 922 1601 994 (93).

1163 1115 1537 1171 APPENDIX

1037 1248 1136 1289 DE
1197 1249 1652 1291 CLAUSURA

295 1401 423 1455 227.
463 1397 747 1454 Clausura
787 1398 1006 1453 dicitur
1032 1401 1222 1453 totum
1252 1399 1396 1454 illud
1425 1398 1698 1469 spatium,
1727 1401 1876 1470 quod
1907 1400 2092 1471 septis
2121 1369 2486 1459 Monasteriis

218 1490 346 1559 (seu
388 1489 659 1551 virorum,
701 1503 806 1543 seu
848 1487 1183 1559 mulierum)
1218 1487 1682 1560 continetur(l):
1726 1489 2016 1560 loquimur
2055 1489 2126 1546 de
2169 1490 2463 1555 clausura,

220 1578 543 1633 Pontifieia.
586 1575 876 1633 Clausura
915 1578 1174 1632 virorum
1203 1578 1318 1633 duo
1359 1580 1643 1647 praestat;
1675 1582 1739 1634 ut
1770 1578 1914 1633 nulli
1956 1578 2254 1649 Religioso
2286 1579 2467 1636 liceat

219 1667 507 1723 excedere
549 1683 581 1722 e
621 1666 980 1722 monasterio
1009 1667 1137 1722 sine
1171 1666 1414 1722 licentia
1441 1667 1777 1737 superioris,
1807 1668 2017 1724 saltem
2056 1672 2463 1739 praesumpta;

221 1757 483 1813 interdiu
523 1758 632 1811 sub
675 1756 811 1821 levi,
854 1759 1033 1812 noctu
1074 1757 1182 1811 sub
1212 1757 1379 1826 gravi
1409 1755 1519 1830 (2);
1551 1759 1732 1827 utque
1761 1757 1909 1813 nulli
1939 1757 2252 1813 mulierum
2282 1758 2458 1814 liceat

217 1962 392 2015 nariiS,
427 1964 577 2021 prout
623 1961 711 2006 alii
745 1960 805 2006 de
840 1960 969 2006 clero
1003 1960 1183 2016 (Less,
1226 1960 1288 2015 11,

218 2035 292 2088 41,
328 2033 457 2086 114);
493 2033 592 2077 nisi
628 2033 679 2077 in
716 2031 914 2077 indulto
949 2031 1284 2078 saeculariza-

216 2104 374 2150 tionis
410 2102 550 2148 aliud
584 2102 1011 2162 comprehensum
1044 2103 1129 2148 sit.

275 2175 334 2219 87
366 2174 420 2222 C.
451 2174 525 2224 23,
559 2175 634 2221 De
668 2176 786 2232 Rey.
821 2173 889 2219 Et
920 2174 980 2228 si,
1020 2173 1291 2231 emendati,

214 2244 376 2291 redire
409 2244 582 2297 velint,
612 2243 887 2303 reeipIendi
912 2246 1039 2290 sunt
1064 2244 1132 2300 (S.
1158 2243 1208 2292 C.
1239 2244 1290 2288 O.

218 2316 463 2375 probante
498 2314 613 2362 Urb.
646 2314 779 2372 VIII,
815 2328 891 2359 an.
932 2315 1060 2360 1693.
1095 2315 1167 2361 Cf.
1203 2315 1293 2362 Be-

218 2386 331 2432 ned.
365 2386 498 2438 XIV,
523 2387 597 2431 De
631 2385 769 2443 Syn„
804 2385 939 2441 XIII,
977 2385 1063 2440 XI,
1099 2386 1165 2440 19,
1200 2386 1292 2443 20),

278 2458 336 2501 88
360 2456 528 2508 Saltu„
558 2457 623 2509 15,
648 2457 689 2511 5,
724 2457 797 2500 92.
835 2456 937 2502 Nee
972 2457 1056 2502 his
1103 2456 1294 2515 obliga-

214 2528 457 2583 tionibus,
490 2540 618 2586 quae
652 2528 842 2587 proprii
878 2527 1115 2573 Instituti
1145 2541 1292 2587 pecu-

212 2598 364 2645 liares
384 2603 506 2644 sunt
524 2598 744 2656 (Sanch.,
774 2597 827 2642 D.
848 2598 929 2651 VI,
948 2599 992 2651 9,
1011 2599 1095 2653 56;
1120 2597 1291 2659 Salm„

212 2682 260 2714 n.
284 2670 387 2722 94);
413 2683 455 2716 v.
481 2683 539 2725 e.,
562 2669 738 2716 docere
762 2683 963 2729 pueros,
997 2669 1291 2715 ministrare

213 2739 448 2787 infirmis

272 2811 330 2855 89
354 2811 404 2858 S.
429 2811 483 2859 C.
507 2811 575 2865 C.‚
599 2811 658 2855 23
691 2812 799 2856 Jan.
842 2811 967 2855 1863.
1002 2811 1073 2856 Ne
1100 2809 1287 2858 Ordine

210 2881 416 2940 quidem
437 2885 547 2941 ipso
566 2882 804 2928 canonice
825 2882 1052 2928 extincto
1067 2881 1133 2937 (S.
1149 2881 1200 2929 C.
1219 2881 1288 2938 C„

218 2952 270 2996 13
302 2953 421 3012 Maji
460 2952 596 3008 1679;
636 2955 764 2998 Aeta
797 2951 833 3011 1,
868 2952 994 3010 225).
1028 2952 1093 2997 Et
1126 2951 1171 2996 si
1206 2951 1286 2997 cui

218 3023 371 3070 factio
395 3024 689 3068 testamenti
716 3024 882 3069 activa
904 3023 1158 3083 permissa
1185 3023 1290 3067 fue-

212 3094 293 3148 rit,
318 3108 415 3140 non
442 3094 552 3140 ideo
578 3095 729 3140 etiam
755 3095 965 3154 passiva
983 3094 1027 3139 ei
1047 3105 1288 3139 concessa

213 3164 517 3224 intelligitur
551 3164 630 3221 (V.
667 3167 794 3210 Acta
829 3164 870 3219 1,
905 3163 1027 3222 226).

270 3234 329 3277 90
346 3235 396 3280 S.
416 3235 535 3280 Pius
557 3235 612 3285 V,
632 3236 685 3283 C.
706 3235 875 3282 Grave
890 3236 1064 3287 Nobis,
1087 3234 1147 3277 26
1166 3233 1282 3292 Maji

217 3304 351 3350 1866:
375 3305 534 3364 Lugo,
555 3308 625 3352 De
643 3307 788 3359 Just„
809 3307 852 3360 3,
871 3306 978 3350 325.
997 3303 1090 3350 Ubi
1115 3307 1283 3349 autem

207 3376 292 3434 jus
316 3374 465 3434 spolii
491 3389 588 3420 non
614 3376 835 3435 amplius
859 3377 1013 3435 viget,
1042 3374 1103 3420 ad
1130 3373 1176 3419 S.
1201 3373 1283 3419 Se·

210 3445 323 3490 dem
338 3458 435 3490 non
453 3447 683 3504 pertinet,
699 3449 747 3491 et
763 3446 970 3505 planum
991 3449 1083 3491 est.
1099 3445 1280 3490 Utrum

212 3529 327 3561 vero
352 3515 415 3560 ad
440 3518 805 3561 monasterium
827 3516 1095 3575 pertineat,
1112 3519 1166 3560 in
1185 3517 1283 3570 eje-

211 3588 305 3630 ctis
339 3584 628 3631 dubitatum
662 3589 741 3630 est
787 3587 967 3646 (eoque
1018 3585 1181 3644 magis
1231 3587 1280 3630 in

214 3655 327 3700 aliis
362 3655 572 3701 dubium
597 3656 822 3715 recipit):
853 3658 1143 3715 negativam
1169 3667 1279 3700 sen-

210 3726 425 3770 tentiam
444 3729 719 3770 tenuerunt
738 3725 960 3778 Navarr.‚
987 3729 1279 3777 Commenc„

209 3794 273 3848 II,
305 3795 381 3850 33,
413 3798 463 3840 et
498 3795 697 3848 Sanoh,
722 3795 779 3840 D.
804 3795 911 3850 VII,
935 3796 1008 3851 33,
1032 3795 1107 3849 26,
1131 3796 1279 3855 quasi

208 3864 273 3910 ab
301 3868 544 3911 extraneo
568 3866 901 3925 acquisitum:
939 3869 988 3912 et
1020 3865 1276 3925 probabile

1388 1960 1502 2015 fuit,
1523 1959 1716 2016 Lessio,
1737 1960 1799 2014 ΙΙ,
1822 1961 1895 2013 41,
1925 1961 2021 2008 112.
2050 1960 2151 2008 Nee
2185 1961 2460 2019 immerito,

1391 2044 1454 2076 ex
1487 2030 1540 2076 L.
1568 2031 1640 2090 36,
1667 2034 1740 2079 De
1765 2033 1944 2089 stipul.
1968 2044 2160 2080 servor.
2195 2031 2387 2093 Itaque,
2410 2033 2455 2079 si

1392 2115 1519 2148 usus
1554 2105 1643 2148 aut
1674 2102 1755 2148 lex
1779 2102 1944 2149 civilis
1978 2101 2042 2149 ad
2075 2102 2463 2164 propinquiores

1393 2172 1583 2219 deferat
1619 2186 1791 2218 eorum
1824 2172 2172 2227 hereditatem,
2206 2185 2332 2226 reor,
2363 2171 2462 2220 hos

1394 2257 1492 2289 non
1526 2257 1638 2291 esse
1671 2243 2050 2304 inquietandos.

1453 2316 1506 2359 91
1543 2315 1699 2369 Lesa,
1731 2314 1793 2371 II,
1829 2316 1902 2368 41,
1942 2315 2041 2362 113.
2074 2314 2207 2375 Ergo
2239 2314 2293 2360 in
2326 2326 2455 2361 usus

1394 2385 1634 2431 honestos
1654 2387 1803 2440 licite,
1824 2387 1876 2431 in
1896 2391 2070 2445 turpes
2090 2386 2256 2432 valide
2275 2397 2460 2446 expen-

1395 2455 1509 2501 dere
1523 2455 1794 2516 probabilis
1807 2456 1974 2514 (Moli.,
1984 2455 2042 2500 D.
2053 2456 2108 2502 27
2113 2456 2143 2500 6
2155 2469 2167 2512 ;
2180 2455 2365 2502 Less.l.
2376 2458 2458 2511 c.),

1395 2529 1444 2571 et
1474 2526 1600 2572 forte
1623 2527 1798 2579 verior,
1821 2527 2075 2572 sententia
2107 2527 2185 2573 est
2217 2529 2246 2580 5
2264 2525 2366 2580 216,
2385 2525 2460 2572 39.

1452 2597 1513 2642 92
1536 2597 1651 2642 Urb.
1678 2596 1807 2641 VIII.
1835 2595 1887 2640 V.
1914 2596 2063 2651 Ferr.‚
2087 2609 2131 2643 v.
2163 2597 2337 2653 Ejecti,
2359 2598 2390 2650 5
2413 2598 2462 2653 4,

1451 2667 1511 2712 93
1545 2667 1594 2713 S.
1616 2668 1668 2716 C.
1696 2667 1749 2715 C.
1776 2665 1911 2726 prob.
1935 2665 2054 2712 Urb.
2076 2665 2212 2722 VIII,
2234 2666 2285 2711 21
2316 2665 2463 2727 Sept.

1399 2738 1526 2790 1624,
1560 2751 1638 2797 ap.
1662 2737 1819 2791 Reiff„
1841 2749 1887 2781 n.
1911 2736 2013 2781 240.
2047 2735 2164 2782 Ideo
2198 2735 2262 2782 ad
2297 2735 2457 2796 Supe„

1391 2809 1548 2855 riores
1572 2807 1786 2856 Ordines
1810 2807 2088 2866 promoveri
2113 2819 2214 2852 non
2236 2806 2459 2867 possunt

1392 2879 1581 2936 (Salm,
1606 2879 1719 2936 118).
1742 2877 1918 2934 Quoad
1951 2877 2220 2937 religiosas
2254 2889 2461 2937 congre-

1388 2951 1619 3010 gationes
1652 2949 1815 3005 (Prol.,
1850 2953 1876 3002 g
1915 2948 2020 3007 107)
2053 2946 2316 2994 sciendum
2363 2948 2460 3000 est,

1391 3025 1507 3066 vota
1539 3022 1590 3066 in
1623 3019 1696 3066 eis
1731 3019 1810 3065 edi
1846 3019 1942 3066 sub
1970 3018 2128 3065 tacita
2148 3018 2453 3072 conditione,

1389 3093 1644 3149 quamdiu
1675 3093 1923 3137 dimissus
1965 3101 2070 3136 non
2111 3088 2293 3147 fuerit,
2326 3087 2453 3141 ideo,

1389 3163 1627 3221 profess0‚
1660 3175 1725 3210 ex
1752 3163 1896 3222 justa
1929 3173 2099 3214 causa,
2143 3159 2222 3204 vel
2271 3163 2454 3206 mutuo

1389 3246 1638 3279 consensu
1688 3233 1918 3286 dimisso,
1959 3233 2070 3290 ipso
2111 3230 2225 3291 J'ure
2266 3241 2451 3275 evane-

1389 3306 1540 3349 scunt
1574 3302 1649 3361 (V.
1674 3302 1871 3358 Lucidi,
1892 3301 1955 3357 II,
1979 3315 2026 3361 p.
2050 3302 2121 3354 24,
2156 3299 2238 3355 40;
2275 3299 2455 3353 Bouix,

1392 3376 1466 3421 De
1490 3375 1603 3420 Jur.
1641 3376 1778 3432 Rea,
1811 3373 1892 3418 To.
1927 3373 1970 3425 2,
2003 3371 2112 3417 Par.
2148 3369 2231 3425 vl,
2255 3369 2383 3414 Seet.
2409 3369 2454 3423 3,

1390 3446 1461 3494 Ca
1501 3479 1510 3489 .
1544 3445 1603 3501 2).

1457 3459 1650 3574 lpGreg.
1674 3512 1802 3566 XVI,
1824 3513 1875 3557 C.
1898 3513 2003 3558 Deo
2022 3510 2214 3557 Sacris,
2239 3507 2451 3556 Tectum

1390 3589 1559 3631 autem
1614 3583 1910 3630 monialium
1964 3581 2108 3627 extra
2158 3579 2452 3626 clausuram

1390 3670 1500 3703 esse
1520 3656 1721 3702 censuit
1740 3655 1807 3711 (S.
1831 3654 1883 3700 C.
1905 3653 2044 3711 Epp.,
2071 3652 2122 3695 18
2145 3650 2283 3709 Sept.
2305 3648 2452 3706 1609).

1444 3727 1473 3769 2
1507 3726 1555 3771 S.
1590 3726 1643 3773 C.
1667 3726 1718 3772 C.
1744 3738 1820 3783 ap.
1845 3723 2016 3781 Fagn„
2046 3721 2097 3766 in
2121 3718 2172 3764 O.
2202 3719 2329 3764 Cum
2356 3717 2452 3765 Ga-

1380 3799 1523 3855 pella
1557 3798 1631 3842 De
1664 3795 1907 3850 Privileq.
1943 3791 2079 3851 prob.
2111 3789 2228 3836 Urb.
2266 3788 2398 3835 VIII.

2589 2523 2632 2689 Ξ

2591 2691 2614 2723 .-

2566 3587 2593 3647 Ξ

2556 3717 2582 3849 ξ.
