<?xml version="1.0" encoding="UTF-8"?>
<!DOCTYPE html PUBLIC "-//W3C//DTD XHTML 1.0 Transitional//EN"
    "http://www.w3.org/TR/xhtml1/DTD/xhtml1-transitional.dtd">
<html xmlns="http://www.w3.org/1999/xhtml" xml:lang="en" lang="en">
 <head>
  <title>
</title>
<meta http-equiv="Content-Type" content="text/html;charset=utf-8" />
  <meta name='ocr-system' content='tesseract 3.04.00' />
  <meta name='ocr-capabilities' content='ocr_page ocr_carea ocr_par ocr_line ocrx_word'/>
</head>
<body>
  <div class='ocr_page' id='page_1' title='image "./summulatheologia03anni_0146.png"; bbox 0 0 2632 4094; ppageno 0'>
   <div class='ocr_carea' id='block_1_1' title="bbox 240 159 2087 224">
    <p class='ocr_par' dir='ltr' id='par_1_1' title="bbox 240 159 2087 224">
     <span class='ocr_line' id='line_1_1' title="bbox 240 159 2087 224; baseline 0.006 -11"><span class='ocrx_word' id='word_1_1' title='bbox 240 159 329 213; x_wconf 69' lang='lat'>11&#39;2</span> <span class='ocrx_word' id='word_1_2' title='bbox 611 178 748 216; x_wconf 72' lang='lat' dir='ltr'>Lmen</span> <span class='ocrx_word' id='word_1_3' title='bbox 787 178 833 214; x_wconf 91' lang='grc'>11.</span> <span class='ocrx_word' id='word_1_4' title='bbox 868 179 1096 219; x_wconf 64' lang='lat' dir='ltr'>-uucn</span> <span class='ocrx_word' id='word_1_5' title='bbox 1133 179 1199 217; x_wconf 89' lang='grc'>111.</span> <span class='ocrx_word' id='word_1_6' title='bbox 1238 181 1301 219; x_wconf 76' lang='lat' dir='ltr'>DE</span> <span class='ocrx_word' id='word_1_7' title='bbox 1336 180 1739 222; x_wconf 66' lang='lat' dir='ltr'>onucnlomnus</span> <span class='ocrx_word' id='word_1_8' title='bbox 1777 182 2087 224; x_wconf 63' lang='lat' dir='ltr'>cnssnlconuu</span> 
     </span>
    </p>
   </div>
   <div class='ocr_carea' id='block_1_2' title="bbox 222 261 2457 423">
    <p class='ocr_par' dir='ltr' id='par_1_2' title="bbox 226 261 2457 423">
     <span class='ocr_line' id='line_1_2' title="bbox 226 261 2457 343; baseline 0.007 -28"><span class='ocrx_word' id='word_1_9' title='bbox 226 263 490 324; x_wconf 79' lang='lat' dir='ltr'>dixerim,</span> <span class='ocrx_word' id='word_1_10' title='bbox 524 262 689 316; x_wconf 80' lang='lat' dir='ltr'>nobis</span> <span class='ocrx_word' id='word_1_11' title='bbox 719 276 831 316; x_wconf 91' lang='lat' dir='ltr'>non</span> <span class='ocrx_word' id='word_1_12' title='bbox 865 261 1062 327; x_wconf 88' lang='lat' dir='ltr'>licent,</span> <span class='ocrx_word' id='word_1_13' title='bbox 1092 280 1243 335; x_wconf 89' lang='lat' dir='ltr'>quae</span> <span class='ocrx_word' id='word_1_14' title='bbox 1276 280 1388 321; x_wconf 91' lang='lat' dir='ltr'>non</span> <span class='ocrx_word' id='word_1_15' title='bbox 1421 266 1758 336; x_wconf 82' lang='lat' dir='ltr'>expediunt,</span> <span class='ocrx_word' id='word_1_16' title='bbox 1794 282 1907 323; x_wconf 86' lang='lat' dir='ltr'>non</span> <span class='ocrx_word' id='word_1_17' title='bbox 1950 268 2134 343; x_wconf 81' lang='lat' dir='ltr'>licent</span> <span class='ocrx_word' id='word_1_18' title='bbox 2160 284 2312 343; x_wconf 87' lang='lat' dir='ltr'>quae</span> <span class='ocrx_word' id='word_1_19' title='bbox 2341 284 2457 329; x_wconf 82' lang='lat' dir='ltr'>non</span> 
     </span>
     <span class='ocr_line' id='line_1_3' title="bbox 222 349 692 423; baseline 0.004 -19.018"><span class='ocrx_word' id='word_1_20' title='bbox 222 350 582 420; x_wconf 79' lang='lat' dir='ltr'>aedificant(</span> <span class='ocrx_word' id='word_1_21' title='bbox 565 349 692 423; x_wconf 71' lang='grc'>(49)</span> 
     </span>
    </p>
   </div>
   <div class='ocr_carea' id='block_1_3' title="bbox 1174 534 1500 589">
    <p class='ocr_par' dir='ltr' id='par_1_3' title="bbox 1174 534 1500 589">
     <span class='ocr_line' id='line_1_4' title="bbox 1174 534 1500 589; baseline 0 -2"><span class='ocrx_word' id='word_1_22' title='bbox 1174 534 1407 589; x_wconf 79' lang='lat' dir='ltr'>CAPUT</span> <span class='ocrx_word' id='word_1_23' title='bbox 1436 535 1500 588; x_wconf 89' lang='lat' dir='ltr'>II.</span> 
     </span>
    </p>
   </div>
   <div class='ocr_carea' id='block_1_4' title="bbox 222 664 2451 715">
    <p class='ocr_par' dir='ltr' id='par_1_4' title="bbox 222 664 2451 715">
     <span class='ocr_line' id='line_1_5' title="bbox 222 664 2451 715; baseline 0.005 -13"><span class='ocrx_word' id='word_1_24' title='bbox 222 665 294 703; x_wconf 65' lang='lat' dir='ltr'>1»ss</span> <span class='ocrx_word' id='word_1_25' title='bbox 338 664 824 706; x_wconf 73' lang='lat' dir='ltr'>OBLIGATIONIBUS</span> <span class='ocrx_word' id='word_1_26' title='bbox 868 667 1074 708; x_wconf 74' lang='lat' dir='ltr'><strong>EORUM</strong></span> <span class='ocrx_word' id='word_1_27' title='bbox 1104 668 1201 712; x_wconf 83' lang='lat' dir='ltr'>QUI</span> <span class='ocrx_word' id='word_1_28' title='bbox 1232 669 1292 706; x_wconf 78' lang='lat' dir='ltr'>IN</span> <span class='ocrx_word' id='word_1_29' title='bbox 1323 668 1531 710; x_wconf 75' lang='lat' dir='ltr'>SACRIS</span> <span class='ocrx_word' id='word_1_30' title='bbox 1561 669 1878 712; x_wconf 86' lang='lat' dir='ltr'>ORDINIBUS</span> <span class='ocrx_word' id='word_1_31' title='bbox 1907 670 2253 714; x_wconf 83' lang='lat' dir='ltr'>CONSTITUTI</span> <span class='ocrx_word' id='word_1_32' title='bbox 2282 674 2451 715; x_wconf 85' lang='lat' dir='ltr'><strong>SUNT.</strong></span> 
     </span>
    </p>
   </div>
   <div class='ocr_carea' id='block_1_5' title="bbox 295 801 2452 874">
    <p class='ocr_par' dir='ltr' id='par_1_5' title="bbox 295 801 2452 874">
     <span class='ocr_line' id='line_1_6' title="bbox 295 801 2452 874; baseline 0.004 -21"><span class='ocrx_word' id='word_1_33' title='bbox 295 801 415 855; x_wconf 75' lang='lat'>162.</span> <span class='ocrx_word' id='word_1_34' title='bbox 448 801 692 869; x_wconf 83' lang='lat' dir='ltr'>Agimus</span> <span class='ocrx_word' id='word_1_35' title='bbox 722 802 852 856; x_wconf 89' lang='lat' dir='ltr'>beic</span> <span class='ocrx_word' id='word_1_36' title='bbox 882 803 953 856; x_wconf 90' lang='lat' dir='ltr'>de</span> <span class='ocrx_word' id='word_1_37' title='bbox 984 802 1440 871; x_wconf 76' lang='lat' dir='ltr'>obligationibus</span> <span class='ocrx_word' id='word_1_38' title='bbox 1474 805 1971 874; x_wconf 73' lang='lat' dir='ltr'>presbyterorum;</span> <span class='ocrx_word' id='word_1_39' title='bbox 2017 822 2148 861; x_wconf 89' lang='lat' dir='ltr'>nam</span> <span class='ocrx_word' id='word_1_40' title='bbox 2191 807 2452 864; x_wconf 88' lang='lat' dir='ltr'>diaconis</span> 
     </span>
    </p>
   </div>
   <div class='ocr_carea' id='block_1_6' title="bbox 219 887 2492 967">
    <p class='ocr_par' dir='ltr' id='par_1_6' title="bbox 219 887 2492 967">
     <span class='ocr_line' id='line_1_7' title="bbox 219 887 2492 967; baseline 0.004 -25"><span class='ocrx_word' id='word_1_41' title='bbox 219 889 379 943; x_wconf 85' lang='lat' dir='ltr'>nulla</span> <span class='ocrx_word' id='word_1_42' title='bbox 400 891 639 959; x_wconf 82' lang='lat' dir='ltr'>speciali</span> <span class='ocrx_word' id='word_1_43' title='bbox 667 890 821 945; x_wconf 88' lang='lat' dir='ltr'>inest</span> <span class='ocrx_word' id='word_1_44' title='bbox 842 891 1142 959; x_wconf 81' lang='lat' dir='ltr'>obligatiO,</span> <span class='ocrx_word' id='word_1_45' title='bbox 1159 894 1224 946; x_wconf 88' lang='lat' dir='ltr'>V.</span> <span class='ocrx_word' id='word_1_46' title='bbox 1244 890 1392 946; x_wconf 85' lang='lat' dir='ltr'>Prol.</span> <span class='ocrx_word' id='word_1_47' title='bbox 1408 895 1546 962; x_wconf 59' lang='lat' dir='ltr'>§sa</span> <span class='ocrx_word' id='word_1_48' title='bbox 1565 895 1616 956; x_wconf 84' lang='lat'>9,</span> <span class='ocrx_word' id='word_1_49' title='bbox 1641 895 1712 949; x_wconf 87' lang='lat' dir='ltr'>de</span> <span class='ocrx_word' id='word_1_50' title='bbox 1738 895 2154 967; x_wconf 74' lang='lat' dir='ltr'>hypodiaconis</span> <span class='ocrx_word' id='word_1_51' title='bbox 2176 898 2452 967; x_wconf 87' lang='lat' dir='ltr'>expedita</span> <span class='ocrx_word' id='word_1_52' title='bbox 2488 887 2492 894; x_wconf 75' lang='grc'>’</span> 
     </span>
    </p>
   </div>
   <div class='ocr_carea' id='block_1_7' title="bbox 213 980 2451 1236">
    <p class='ocr_par' dir='ltr' id='par_1_7' title="bbox 213 980 2451 1236">
     <span class='ocr_line' id='line_1_8' title="bbox 214 980 2445 1053; baseline 0.003 -19"><span class='ocrx_word' id='word_1_53' title='bbox 214 996 307 1035; x_wconf 89' lang='lat' dir='ltr'>res</span> <span class='ocrx_word' id='word_1_54' title='bbox 340 984 454 1035; x_wconf 86' lang='lat' dir='ltr'>est:</span> <span class='ocrx_word' id='word_1_55' title='bbox 491 981 549 1034; x_wconf 90' lang='lat' dir='ltr'>bi</span> <span class='ocrx_word' id='word_1_56' title='bbox 592 980 747 1035; x_wconf 85' lang='lat' dir='ltr'>enim</span> <span class='ocrx_word' id='word_1_57' title='bbox 790 984 1071 1037; x_wconf 86' lang='lat' dir='ltr'>tenentur</span> <span class='ocrx_word' id='word_1_58' title='bbox 1113 983 1470 1051; x_wconf 71' lang='lat' dir='ltr'>regulariter</span> <span class='ocrx_word' id='word_1_59' title='bbox 1512 984 1844 1053; x_wconf 79' lang='lat' dir='ltr'>persolvere</span> <span class='ocrx_word' id='word_1_60' title='bbox 1887 985 2152 1040; x_wconf 90' lang='lat' dir='ltr'>divinum</span> <span class='ocrx_word' id='word_1_61' title='bbox 2193 986 2445 1043; x_wconf 86' lang='lat' dir='ltr'>officium</span> 
     </span>
     <span class='ocr_line' id='line_1_9' title="bbox 213 1070 2447 1143; baseline 0.004 -19"><span class='ocrx_word' id='word_1_62' title='bbox 213 1074 273 1124; x_wconf 86' lang='lat' dir='ltr'>et</span> <span class='ocrx_word' id='word_1_63' title='bbox 316 1070 652 1125; x_wconf 73' lang='lat' dir='ltr'>castitatem</span> <span class='ocrx_word' id='word_1_64' title='bbox 694 1086 949 1126; x_wconf 83' lang='lat' dir='ltr'>servare.</span> <span class='ocrx_word' id='word_1_65' title='bbox 983 1073 1354 1140; x_wconf 57' lang='lat' dir='ltr'>hymel-item</span> <span class='ocrx_word' id='word_1_66' title='bbox 1399 1087 1529 1126; x_wconf 89' lang='lat' dir='ltr'>nam</span> <span class='ocrx_word' id='word_1_67' title='bbox 1573 1073 1670 1143; x_wconf 86' lang='lat' dir='ltr'>qui</span> <span class='ocrx_word' id='word_1_68' title='bbox 1716 1089 1949 1143; x_wconf 85' lang='lat' dir='ltr'>prorsus</span> <span class='ocrx_word' id='word_1_69' title='bbox 1992 1074 2181 1141; x_wconf 88' lang='lat' dir='ltr'>inviti,</span> <span class='ocrx_word' id='word_1_70' title='bbox 2221 1075 2316 1131; x_wconf 86' lang='lat' dir='ltr'>vel</span> <span class='ocrx_word' id='word_1_71' title='bbox 2347 1077 2447 1131; x_wconf 91' lang='lat' dir='ltr'>im·</span> 
     </span>
     <span class='ocr_line' id='line_1_10' title="bbox 213 1160 2451 1236; baseline 0.003 -22"><span class='ocrx_word' id='word_1_72' title='bbox 213 1161 463 1230; x_wconf 87' lang='lat' dir='ltr'>puberes</span> <span class='ocrx_word' id='word_1_73' title='bbox 511 1160 760 1214; x_wconf 88' lang='lat' dir='ltr'>ordinati</span> <span class='ocrx_word' id='word_1_74' title='bbox 817 1160 1054 1225; x_wconf 80' lang='lat' dir='ltr'>fuerint,</span> <span class='ocrx_word' id='word_1_75' title='bbox 1111 1164 1318 1216; x_wconf 86' lang='lat' dir='ltr'>neutro</span> <span class='ocrx_word' id='word_1_76' title='bbox 1372 1165 1681 1227; x_wconf 86' lang='lat' dir='ltr'>tenentur;</span> <span class='ocrx_word' id='word_1_77' title='bbox 1738 1163 1847 1217; x_wconf 89' lang='lat' dir='ltr'>nisi</span> <span class='ocrx_word' id='word_1_78' title='bbox 1903 1164 2251 1234; x_wconf 89' lang='lat' dir='ltr'>impuberes,</span> <span class='ocrx_word' id='word_1_79' title='bbox 2304 1167 2451 1236; x_wconf 85' lang='lat' dir='ltr'>post-</span> 
     </span>
    </p>
   </div>
   <div class='ocr_carea' id='block_1_8' title="bbox 210 1250 2509 1323">
    <p class='ocr_par' dir='ltr' id='par_1_8' title="bbox 210 1250 2509 1323">
     <span class='ocr_line' id='line_1_11' title="bbox 210 1250 2509 1323; baseline 0.005 -21"><span class='ocrx_word' id='word_1_80' title='bbox 210 1263 383 1319; x_wconf 84' lang='lat' dir='ltr'>quam</span> <span class='ocrx_word' id='word_1_81' title='bbox 419 1251 484 1304; x_wconf 86' lang='grc'>16</span> <span class='ocrx_word' id='word_1_82' title='bbox 513 1254 628 1303; x_wconf 88' lang='lat' dir='ltr'>aet.</span> <span class='ocrx_word' id='word_1_83' title='bbox 659 1266 795 1304; x_wconf 87' lang='lat' dir='ltr'>ann</span> <span class='ocrx_word' id='word_1_84' title='bbox 827 1251 1212 1313; x_wconf 76' lang='lat' dir='ltr'>excesserint,</span> <span class='ocrx_word' id='word_1_85' title='bbox 1253 1250 1530 1306; x_wconf 87' lang='lat' dir='ltr'>collatum</span> <span class='ocrx_word' id='word_1_86' title='bbox 1571 1252 1678 1307; x_wconf 93' lang='lat' dir='ltr'>sibi</span> <span class='ocrx_word' id='word_1_87' title='bbox 1723 1253 1985 1308; x_wconf 85' lang='lat' dir='ltr'>ordinem</span> <span class='ocrx_word' id='word_1_88' title='bbox 2029 1268 2320 1323; x_wconf 84' lang='lat' dir='ltr'>expresse,</span> <span class='ocrx_word' id='word_1_89' title='bbox 2350 1253 2447 1309; x_wconf 87' lang='lat' dir='ltr'>vel</span> <span class='ocrx_word' id='word_1_90' title='bbox 2479 1251 2509 1314; x_wconf 62' lang='lat' dir='ltr'>s</span> 
     </span>
    </p>
   </div>
   <div class='ocr_carea' id='block_1_9' title="bbox 196 1330 2487 2391">
    <p class='ocr_par' dir='ltr' id='par_1_9' title="bbox 204 1330 2487 1678">
     <span class='ocr_line' id='line_1_12' title="bbox 207 1330 2487 1412; baseline 0.003 -20"><span class='ocrx_word' id='word_1_91' title='bbox 207 1339 387 1393; x_wconf 88' lang='lat' dir='ltr'>tacite</span> <span class='ocrx_word' id='word_1_92' title='bbox 433 1342 621 1393; x_wconf 88' lang='lat' dir='ltr'>ratum</span> <span class='ocrx_word' id='word_1_93' title='bbox 653 1340 968 1394; x_wconf 85' lang='lat' dir='ltr'>habuerint</span> <span class='ocrx_word' id='word_1_94' title='bbox 997 1338 1089 1410; x_wconf 90' lang='lat' dir='ltr'>(l)</span> <span class='ocrx_word' id='word_1_95' title='bbox 1113 1340 1315 1395; x_wconf 84' lang='lat' dir='ltr'>Officia</span> <span class='ocrx_word' id='word_1_96' title='bbox 1344 1342 1815 1411; x_wconf 89' lang='lat' dir='ltr'>presbyterorum</span> <span class='ocrx_word' id='word_1_97' title='bbox 1846 1358 1919 1397; x_wconf 83' lang='lat' dir='ltr'>ex</span> <span class='ocrx_word' id='word_1_98' title='bbox 1961 1345 2234 1412; x_wconf 88' lang='lat' dir='ltr'>suscepto</span> <span class='ocrx_word' id='word_1_99' title='bbox 2261 1330 2487 1399; x_wconf 88' lang='lat' dir='ltr'>officio</span> 
     </span>
     <span class='ocr_line' id='line_1_13' title="bbox 205 1400 2480 1501; baseline 0 -18"><span class='ocrx_word' id='word_1_100' title='bbox 205 1428 553 1483; x_wconf 86' lang='lat' dir='ltr'>sacerdotali</span> <span class='ocrx_word' id='word_1_101' title='bbox 599 1431 815 1482; x_wconf 85' lang='lat' dir='ltr'>statum</span> <span class='ocrx_word' id='word_1_102' title='bbox 858 1430 1117 1498; x_wconf 86' lang='lat' dir='ltr'>capiunt.</span> <span class='ocrx_word' id='word_1_103' title='bbox 1151 1429 1358 1483; x_wconf 85' lang='lat' dir='ltr'>Omnia</span> <span class='ocrx_word' id='word_1_104' title='bbox 1400 1430 1780 1485; x_wconf 89' lang='lat' dir='ltr'>continentur</span> <span class='ocrx_word' id='word_1_105' title='bbox 1819 1433 1875 1483; x_wconf 77' lang='lat' dir='ltr'>in</span> <span class='ocrx_word' id='word_1_106' title='bbox 1922 1433 2001 1484; x_wconf 75' lang='lat' dir='ltr'>lm·</span> <span class='ocrx_word' id='word_1_107' title='bbox 2039 1449 2172 1501; x_wconf 73' lang='lat' dir='ltr'>quae</span> <span class='ocrx_word' id='word_1_108' title='bbox 2213 1438 2342 1486; x_wconf 77' lang='lat' dir='ltr'>sunt</span> <span class='ocrx_word' id='word_1_109' title='bbox 2377 1400 2480 1486; x_wconf 80' lang='lat' dir='ltr'>ad</span> 
     </span>
     <span class='ocr_line' id='line_1_14' title="bbox 205 1518 2447 1593; baseline 0.003 -23"><span class='ocrx_word' id='word_1_110' title='bbox 205 1519 375 1571; x_wconf 79' lang='lat' dir='ltr'>Deum</span> <span class='ocrx_word' id='word_1_111' title='bbox 421 1518 511 1588; x_wconf 80' lang='grc'>(2),</span> <span class='ocrx_word' id='word_1_112' title='bbox 565 1522 623 1572; x_wconf 90' lang='lat' dir='ltr'>et</span> <span class='ocrx_word' id='word_1_113' title='bbox 682 1518 774 1572; x_wconf 92' lang='lat' dir='ltr'>vel</span> <span class='ocrx_word' id='word_1_114' title='bbox 821 1532 895 1571; x_wconf 90' lang='lat' dir='ltr'>ex</span> <span class='ocrx_word' id='word_1_115' title='bbox 946 1518 1194 1588; x_wconf 90' lang='lat' dir='ltr'>ipsamet</span> <span class='ocrx_word' id='word_1_116' title='bbox 1247 1518 1629 1582; x_wconf 85' lang='lat' dir='ltr'>ordinatione,</span> <span class='ocrx_word' id='word_1_117' title='bbox 1684 1521 1776 1574; x_wconf 89' lang='lat' dir='ltr'>vel</span> <span class='ocrx_word' id='word_1_118' title='bbox 1821 1536 1895 1575; x_wconf 87' lang='lat' dir='ltr'>ex</span> <span class='ocrx_word' id='word_1_119' title='bbox 1937 1523 2207 1591; x_wconf 91' lang='lat' dir='ltr'>suscepto</span> <span class='ocrx_word' id='word_1_120' title='bbox 2246 1521 2447 1593; x_wconf 88' lang='lat' dir='ltr'>aliquo</span> 
     </span>
     <span class='ocr_line' id='line_1_15' title="bbox 204 1607 1396 1678; baseline 0 -17"><span class='ocrx_word' id='word_1_121' title='bbox 204 1623 449 1662; x_wconf 89' lang='lat' dir='ltr'>munere</span> <span class='ocrx_word' id='word_1_122' title='bbox 495 1608 806 1678; x_wconf 84' lang='lat' dir='ltr'>profluunt.</span> <span class='ocrx_word' id='word_1_123' title='bbox 842 1607 928 1663; x_wconf 92' lang='lat' dir='ltr'>De</span> <span class='ocrx_word' id='word_1_124' title='bbox 972 1607 1089 1663; x_wconf 89' lang='lat' dir='ltr'>illis</span> <span class='ocrx_word' id='word_1_125' title='bbox 1131 1608 1396 1678; x_wconf 88' lang='lat' dir='ltr'>primum.</span> 
     </span>
    </p>

    <p class='ocr_par' dir='ltr' id='par_1_10' title="bbox 196 1696 2443 2391">
     <span class='ocr_line' id='line_1_16' title="bbox 286 1696 2443 1767; baseline 0.001 -15"><span class='ocrx_word' id='word_1_126' title='bbox 286 1698 405 1752; x_wconf 87' lang='lat'><strong>163.</strong></span> <span class='ocrx_word' id='word_1_127' title='bbox 448 1696 743 1767; x_wconf 87' lang='lat' dir='ltr'>Principio</span> <span class='ocrx_word' id='word_1_128' title='bbox 772 1698 957 1766; x_wconf 85' lang='lat' dir='ltr'>igitur</span> <span class='ocrx_word' id='word_1_129' title='bbox 986 1697 1353 1753; x_wconf 88' lang='lat' dir='ltr'>ordinatione</span> <span class='ocrx_word' id='word_1_130' title='bbox 1384 1697 1796 1754; x_wconf 87' lang='lat' dir='ltr'>constituimur</span> <span class='ocrx_word' id='word_1_131' title='bbox 1823 1698 2096 1763; x_wconf 88' lang='lat' dir='ltr'>ministri,</span> <span class='ocrx_word' id='word_1_132' title='bbox 2139 1700 2200 1755; x_wconf 88' lang='lat' dir='ltr'>et</span> <span class='ocrx_word' id='word_1_133' title='bbox 2227 1698 2443 1755; x_wconf 87' lang='lat' dir='ltr'>exinde</span> 
     </span>
     <span class='ocr_line' id='line_1_17' title="bbox 201 1787 2442 1859; baseline 0.002 -20"><span class='ocrx_word' id='word_1_134' title='bbox 201 1791 448 1856; x_wconf 63' lang='lat' dir='ltr'>(effatione</span> <span class='ocrx_word' id='word_1_135' title='bbox 479 1805 575 1859; x_wconf 79' lang='lat' dir='ltr'>pro</span> <span class='ocrx_word' id='word_1_136' title='bbox 622 1789 820 1840; x_wconf 73' lang='lat' dir='ltr'>Christo</span> <span class='ocrx_word' id='word_1_137' title='bbox 846 1791 1146 1857; x_wconf 62' lang='lat' dir='ltr'>sumimur</span> <span class='ocrx_word' id='word_1_138' title='bbox 1174 1788 1231 1841; x_wconf 87' lang='lat' dir='ltr'>in</span> <span class='ocrx_word' id='word_1_139' title='bbox 1263 1788 1353 1842; x_wconf 85' lang='lat' dir='ltr'>his</span> <span class='ocrx_word' id='word_1_140' title='bbox 1394 1802 1545 1857; x_wconf 79' lang='lat' dir='ltr'>quae</span> <span class='ocrx_word' id='word_1_141' title='bbox 1587 1788 1660 1842; x_wconf 79' lang='lat' dir='ltr'>ad</span> <span class='ocrx_word' id='word_1_142' title='bbox 1703 1787 2016 1844; x_wconf 81' lang='lat' dir='ltr'>salvandas</span> <span class='ocrx_word' id='word_1_143' title='bbox 2055 1789 2282 1844; x_wconf 81' lang='lat' dir='ltr'>animas</span> <span class='ocrx_word' id='word_1_144' title='bbox 2316 1802 2442 1859; x_wconf 79' lang='lat' dir='ltr'>pet·-</span> 
     </span>
     <span class='ocr_line' id='line_1_18' title="bbox 202 1873 2440 1943; baseline 0.001 -16"><span class='ocrx_word' id='word_1_145' title='bbox 202 1875 394 1928; x_wconf 88' lang='lat' dir='ltr'>tinent</span> <span class='ocrx_word' id='word_1_146' title='bbox 433 1875 525 1943; x_wconf 87' lang='lat'>(3).</span> <span class='ocrx_word' id='word_1_147' title='bbox 558 1874 804 1928; x_wconf 86' lang='lat' dir='ltr'>Proinde</span> <span class='ocrx_word' id='word_1_148' title='bbox 849 1877 1134 1937; x_wconf 90' lang='lat' dir='ltr'>tenemur,</span> <span class='ocrx_word' id='word_1_149' title='bbox 1167 1889 1281 1928; x_wconf 89' lang='lat' dir='ltr'>non</span> <span class='ocrx_word' id='word_1_150' title='bbox 1324 1889 1397 1928; x_wconf 85' lang='lat' dir='ltr'>ex</span> <span class='ocrx_word' id='word_1_151' title='bbox 1440 1874 1562 1927; x_wconf 89' lang='lat' dir='ltr'>sola</span> <span class='ocrx_word' id='word_1_152' title='bbox 1603 1874 1870 1938; x_wconf 84' lang='lat' dir='ltr'>caritate,</span> <span class='ocrx_word' id='word_1_153' title='bbox 1900 1875 2002 1929; x_wconf 89' lang='lat' dir='ltr'>sed</span> <span class='ocrx_word' id='word_1_154' title='bbox 2031 1890 2106 1930; x_wconf 84' lang='lat' dir='ltr'>ex</span> <span class='ocrx_word' id='word_1_155' title='bbox 2147 1873 2340 1930; x_wconf 89' lang='lat' dir='ltr'>officio</span> <span class='ocrx_word' id='word_1_156' title='bbox 2382 1874 2440 1930; x_wconf 87' lang='lat' dir='ltr'>in</span> 
     </span>
     <span class='ocr_line' id='line_1_19' title="bbox 202 1961 2440 2036; baseline 0.002 -20"><span class='ocrx_word' id='word_1_157' title='bbox 202 1962 452 2017; x_wconf 87' lang='lat' dir='ltr'>salutem</span> <span class='ocrx_word' id='word_1_158' title='bbox 502 1963 831 2017; x_wconf 85' lang='lat' dir='ltr'>animarum</span> <span class='ocrx_word' id='word_1_159' title='bbox 888 1963 1225 2018; x_wconf 87' lang='lat' dir='ltr'>incumbere</span> <span class='ocrx_word' id='word_1_160' title='bbox 1270 1962 1360 2035; x_wconf 83' lang='lat'>(4).</span> <span class='ocrx_word' id='word_1_161' title='bbox 1401 1961 1530 2017; x_wconf 90' lang='lat' dir='ltr'>Duo</span> <span class='ocrx_word' id='word_1_162' title='bbox 1571 1966 1771 2018; x_wconf 90' lang='lat' dir='ltr'>autem</span> <span class='ocrx_word' id='word_1_163' title='bbox 1819 1980 1949 2020; x_wconf 88' lang='lat' dir='ltr'>cum</span> <span class='ocrx_word' id='word_1_164' title='bbox 2000 1964 2201 2035; x_wconf 90' lang='lat' dir='ltr'>primis</span> <span class='ocrx_word' id='word_1_165' title='bbox 2250 1963 2440 2036; x_wconf 80' lang='lat' dir='ltr'>exigit</span> 
     </span>
     <span class='ocr_line' id='line_1_20' title="bbox 199 2053 2440 2123; baseline 0.002 -16"><span class='ocrx_word' id='word_1_166' title='bbox 199 2054 456 2107; x_wconf 87' lang='lat' dir='ltr'>officium</span> <span class='ocrx_word' id='word_1_167' title='bbox 488 2054 846 2123; x_wconf 75' lang='lat' dir='ltr'>liujusmodi;</span> <span class='ocrx_word' id='word_1_168' title='bbox 879 2053 1088 2108; x_wconf 86' lang='lat' dir='ltr'>docere</span> <span class='ocrx_word' id='word_1_169' title='bbox 1120 2070 1332 2123; x_wconf 91' lang='lat' dir='ltr'>pueros</span> <span class='ocrx_word' id='word_1_170' title='bbox 1365 2053 1501 2109; x_wconf 90' lang='lat' dir='ltr'>fidei</span> <span class='ocrx_word' id='word_1_171' title='bbox 1545 2055 1895 2119; x_wconf 85' lang='lat' dir='ltr'>rudimenta,</span> <span class='ocrx_word' id='word_1_172' title='bbox 1937 2056 1999 2110; x_wconf 91' lang='lat' dir='ltr'>et</span> <span class='ocrx_word' id='word_1_173' title='bbox 2041 2054 2440 2112; x_wconf 78' lang='lat' dir='ltr'>confessiones</span> 
     </span>
     <span class='ocr_line' id='line_1_21' title="bbox 199 2141 2440 2212; baseline 0.001 -16"><span class='ocrx_word' id='word_1_174' title='bbox 199 2157 396 2197; x_wconf 86' lang='lat' dir='ltr'>eorum</span> <span class='ocrx_word' id='word_1_175' title='bbox 439 2142 714 2211; x_wconf 79' lang='lat' dir='ltr'>excipere</span> <span class='ocrx_word' id='word_1_176' title='bbox 757 2142 856 2212; x_wconf 89' lang='lat' dir='ltr'>qui</span> <span class='ocrx_word' id='word_1_177' title='bbox 901 2141 960 2195; x_wconf 90' lang='lat' dir='ltr'>in</span> <span class='ocrx_word' id='word_1_178' title='bbox 1004 2142 1169 2196; x_wconf 85' lang='lat' dir='ltr'>letali</span> <span class='ocrx_word' id='word_1_179' title='bbox 1219 2145 1552 2203; x_wconf 84' lang='lat' dir='ltr'>versantur,</span> <span class='ocrx_word' id='word_1_180' title='bbox 1595 2142 1642 2196; x_wconf 92' lang='lat' dir='ltr'>si</span> <span class='ocrx_word' id='word_1_181' title='bbox 1686 2142 1841 2197; x_wconf 88' lang='lat' dir='ltr'>desit</span> <span class='ocrx_word' id='word_1_182' title='bbox 1881 2142 1974 2197; x_wconf 88' lang='lat' dir='ltr'>vel</span> <span class='ocrx_word' id='word_1_183' title='bbox 2017 2143 2290 2198; x_wconf 84' lang='lat' dir='ltr'>omnibus</span> <span class='ocrx_word' id='word_1_184' title='bbox 2325 2157 2440 2198; x_wconf 87' lang='lat' dir='ltr'>non</span> 
     </span>
     <span class='ocr_line' id='line_1_22' title="bbox 197 2231 2440 2302; baseline 0.001 -17"><span class='ocrx_word' id='word_1_185' title='bbox 197 2231 452 2285; x_wconf 84' lang='lat' dir='ltr'>sufficiat</span> <span class='ocrx_word' id='word_1_186' title='bbox 496 2231 542 2285; x_wconf 93' lang='lat' dir='ltr'>is</span> <span class='ocrx_word' id='word_1_187' title='bbox 585 2231 682 2300; x_wconf 89' lang='lat' dir='ltr'>qui</span> <span class='ocrx_word' id='word_1_188' title='bbox 729 2246 803 2284; x_wconf 85' lang='lat' dir='ltr'>ex</span> <span class='ocrx_word' id='word_1_189' title='bbox 846 2233 1119 2300; x_wconf 91' lang='lat' dir='ltr'>suscepto</span> <span class='ocrx_word' id='word_1_190' title='bbox 1162 2246 1405 2285; x_wconf 90' lang='lat' dir='ltr'>munere</span> <span class='ocrx_word' id='word_1_191' title='bbox 1446 2233 1687 2286; x_wconf 86' lang='lat' dir='ltr'>tenetur</span> <span class='ocrx_word' id='word_1_192' title='bbox 1728 2232 1872 2287; x_wconf 87' lang='lat' dir='ltr'>haec</span> <span class='ocrx_word' id='word_1_193' title='bbox 1914 2234 2232 2302; x_wconf 87' lang='lat' dir='ltr'>praestare.</span> <span class='ocrx_word' id='word_1_194' title='bbox 2262 2233 2340 2287; x_wconf 89' lang='lat' dir='ltr'>Et</span> <span class='ocrx_word' id='word_1_195' title='bbox 2380 2233 2440 2287; x_wconf 91' lang='lat' dir='ltr'>in</span> 
     </span>
     <span class='ocr_line' id='line_1_23' title="bbox 196 2320 2441 2391; baseline 0.001 -16"><span class='ocrx_word' id='word_1_196' title='bbox 196 2321 552 2375; x_wconf 82' lang='lat' dir='ltr'>necessitate</span> <span class='ocrx_word' id='word_1_197' title='bbox 609 2320 895 2375; x_wconf 88' lang='lat' dir='ltr'>communi</span> <span class='ocrx_word' id='word_1_198' title='bbox 950 2335 1047 2374; x_wconf 90' lang='lat' dir='ltr'>eos</span> <span class='ocrx_word' id='word_1_199' title='bbox 1088 2320 1277 2375; x_wconf 91' lang='lat' dir='ltr'>teneri</span> <span class='ocrx_word' id='word_1_200' title='bbox 1322 2320 1429 2375; x_wconf 91' lang='lat' dir='ltr'>sub</span> <span class='ocrx_word' id='word_1_201' title='bbox 1471 2321 1659 2388; x_wconf 84' lang='lat' dir='ltr'>gravi,</span> <span class='ocrx_word' id='word_1_202' title='bbox 1703 2321 1912 2376; x_wconf 87' lang='lat' dir='ltr'>saltem</span> <span class='ocrx_word' id='word_1_203' title='bbox 1957 2320 2005 2377; x_wconf 93' lang='lat' dir='ltr'>si</span> <span class='ocrx_word' id='word_1_204' title='bbox 2049 2321 2271 2391; x_wconf 87' lang='lat' dir='ltr'>possint</span> <span class='ocrx_word' id='word_1_205' title='bbox 2310 2321 2441 2379; x_wconf 86' lang='lat' dir='ltr'>sine</span> 
     </span>
    </p>
   </div>
   <div class='ocr_carea' id='block_1_10' title="bbox 198 2408 1571 2482">
    <p class='ocr_par' dir='ltr' id='par_1_11' title="bbox 198 2408 1571 2482">
     <span class='ocr_line' id='line_1_24' title="bbox 198 2408 1571 2482; baseline 0.005 -18"><span class='ocrx_word' id='word_1_206' title='bbox 198 2411 557 2464; x_wconf 87' lang='lat' dir='ltr'>incommodo</span> <span class='ocrx_word' id='word_1_207' title='bbox 589 2410 774 2481; x_wconf 83' lang='lat' dir='ltr'>gravi,</span> <span class='ocrx_word' id='word_1_208' title='bbox 806 2411 906 2463; x_wconf 88' lang='lat' dir='ltr'>vix</span> <span class='ocrx_word' id='word_1_209' title='bbox 938 2409 1193 2463; x_wconf 89' lang='lat' dir='ltr'>dubitari</span> <span class='ocrx_word' id='word_1_210' title='bbox 1230 2413 1419 2477; x_wconf 81' lang='lat' dir='ltr'>potest</span> <span class='ocrx_word' id='word_1_211' title='bbox 1463 2408 1571 2482; x_wconf 84' lang='lat'>(5);</span> 
     </span>
    </p>
   </div>
   <div class='ocr_carea' id='block_1_11' title="bbox 192 2717 1263 2849">
    <p class='ocr_par' dir='ltr' id='par_1_12' title="bbox 192 2717 1263 2849">
     <span class='ocr_line' id='line_1_25' title="bbox 194 2717 1262 2777; baseline -0.003 -12"><span class='ocrx_word' id='word_1_212' title='bbox 194 2734 223 2765; x_wconf 87' lang='lat' dir='ltr'>a</span> <span class='ocrx_word' id='word_1_213' title='bbox 254 2719 386 2765; x_wconf 88' lang='lat' dir='ltr'>malo</span> <span class='ocrx_word' id='word_1_214' title='bbox 435 2719 686 2765; x_wconf 85' lang='lat' dir='ltr'>abstinere</span> <span class='ocrx_word' id='word_1_215' title='bbox 734 2720 945 2777; x_wconf 82' lang='lat' dir='ltr'>oportet,</span> <span class='ocrx_word' id='word_1_216' title='bbox 991 2717 1080 2763; x_wconf 90' lang='lat' dir='ltr'>sed</span> <span class='ocrx_word' id='word_1_217' title='bbox 1119 2720 1170 2763; x_wconf 85' lang='lat' dir='ltr'>et</span> <span class='ocrx_word' id='word_1_218' title='bbox 1201 2719 1262 2763; x_wconf 84' lang='lat' dir='ltr'>ab</span> 
     </span>
     <span class='ocr_line' id='line_1_26' title="bbox 192 2788 1263 2849; baseline 0 -14"><span class='ocrx_word' id='word_1_219' title='bbox 192 2792 337 2835; x_wconf 81' lang='lat' dir='ltr'>omni</span> <span class='ocrx_word' id='word_1_220' title='bbox 369 2792 535 2847; x_wconf 78' lang='lat' dir='ltr'>specie</span> <span class='ocrx_word' id='word_1_221' title='bbox 566 2791 713 2837; x_wconf 81' lang='lat' dir='ltr'>mali.</span> <span class='ocrx_word' id='word_1_222' title='bbox 742 2790 873 2835; x_wconf 92' lang='lat' dir='ltr'>Sane</span> <span class='ocrx_word' id='word_1_223' title='bbox 898 2788 1128 2849; x_wconf 86' lang='lat' dir='ltr'>Apostoli</span> <span class='ocrx_word' id='word_1_224' title='bbox 1151 2802 1263 2835; x_wconf 89' lang='lat' dir='ltr'>mu-</span> 
     </span>
    </p>
   </div>
   <div class='ocr_carea' id='block_1_12' title="bbox 2192 0 2632 260">
    <p class='ocr_par' dir='ltr' id='par_1_13' title="bbox 2192 0 2632 260">
     <span class='ocr_line' id='line_1_27' title="bbox 2192 0 2632 260; baseline 0 3834"><span class='ocrx_word' id='word_1_225' title='bbox 2192 0 2632 260; x_wconf 95' lang='lat' dir='ltr'> </span> 
     </span>
    </p>
   </div>
   <div class='ocr_carea' id='block_1_13' title="bbox 195 2394 2632 2617">
    <p class='ocr_par' dir='ltr' id='par_1_14' title="bbox 195 2394 2632 2617">
     <span class='ocr_line' id='line_1_28' title="bbox 1622 2394 2632 2480; baseline -0.006 -16"><span class='ocrx_word' id='word_1_226' title='bbox 1622 2409 1680 2464; x_wconf 92' lang='lat' dir='ltr'>in</span> <span class='ocrx_word' id='word_1_227' title='bbox 1723 2410 1981 2478; x_wconf 82' lang='lat' dir='ltr'>graviori</span> <span class='ocrx_word' id='word_1_228' title='bbox 2025 2413 2087 2465; x_wconf 88' lang='lat' dir='ltr'>et</span> <span class='ocrx_word' id='word_1_229' title='bbox 2129 2425 2306 2480; x_wconf 88' lang='lat' dir='ltr'>prope</span> <span class='ocrx_word' id='word_1_230' title='bbox 2340 2407 2491 2466; x_wconf 81' lang='lat' dir='ltr'>ex-&#39;·</span> <span class='ocrx_word' id='word_1_231' title='bbox 2579 2423 2581 2425; x_wconf 65' lang='grc'>’</span> <span class='ocrx_word' id='word_1_232' title='bbox 2624 2394 2632 2458; x_wconf 71' lang='lat' dir='ltr'>j</span> 
     </span>
     <span class='ocr_line' id='line_1_29' title="bbox 195 2497 2435 2570; baseline 0 -16"><span class='ocrx_word' id='word_1_233' title='bbox 195 2503 403 2564; x_wconf 84' lang='lat' dir='ltr'>trema,</span> <span class='ocrx_word' id='word_1_234' title='bbox 434 2503 714 2555; x_wconf 89' lang='lat' dir='ltr'>tenentur</span> <span class='ocrx_word' id='word_1_235' title='bbox 748 2499 925 2554; x_wconf 89' lang='lat' dir='ltr'>etiam</span> <span class='ocrx_word' id='word_1_236' title='bbox 955 2515 1086 2553; x_wconf 89' lang='lat' dir='ltr'>cum</span> <span class='ocrx_word' id='word_1_237' title='bbox 1122 2498 1479 2553; x_wconf 90' lang='lat' dir='ltr'>incommodo</span> <span class='ocrx_word' id='word_1_238' title='bbox 1523 2499 1692 2567; x_wconf 87' lang='lat' dir='ltr'>gravi</span> <span class='ocrx_word' id='word_1_239' title='bbox 1721 2497 1819 2570; x_wconf 91' lang='lat'><strong>(6).</strong></span> <span class='ocrx_word' id='word_1_240' title='bbox 1851 2498 2118 2569; x_wconf 92' lang='lat' dir='ltr'>Amplius</span> <span class='ocrx_word' id='word_1_241' title='bbox 2147 2514 2261 2554; x_wconf 89' lang='lat' dir='ltr'>non</span> <span class='ocrx_word' id='word_1_242' title='bbox 2289 2499 2435 2556; x_wconf 85' lang='lat' dir='ltr'>licet</span> 
     </span>
     <span class='ocr_line' id='line_1_30' title="bbox 2478 2588 2484 2617; baseline 0 0"><span class='ocrx_word' id='word_1_243' title='bbox 2478 2588 2484 2617; x_wconf 77' lang='lat' dir='ltr'>l</span> 
     </span>
    </p>
   </div>
   <div class='ocr_carea' id='block_1_14' title="bbox 1366 2719 2483 2848">
    <p class='ocr_par' dir='ltr' id='par_1_15' title="bbox 1366 2719 2483 2848">
     <span class='ocr_line' id='line_1_31' title="bbox 1366 2719 2483 2775; baseline 0.003 -12"><span class='ocrx_word' id='word_1_244' title='bbox 1366 2720 1531 2774; x_wconf 76' lang='lat' dir='ltr'>rebus,</span> <span class='ocrx_word' id='word_1_245' title='bbox 1564 2719 1642 2765; x_wconf 79' lang='lat' dir='ltr'>nil</span> <span class='ocrx_word' id='word_1_246' title='bbox 1668 2719 1775 2765; x_wconf 74' lang='lat' dir='ltr'>nisi</span> <span class='ocrx_word' id='word_1_247' title='bbox 1793 2730 1982 2775; x_wconf 70' lang='lat' dir='ltr'>‚qr-ave,</span> <span class='ocrx_word' id='word_1_248' title='bbox 2000 2720 2348 2774; x_wconf 77' lang='lat' dir='ltr'>moderatum,</span> <span class='ocrx_word' id='word_1_249' title='bbox 2372 2730 2439 2766; x_wconf 77' lang='lat' dir='ltr'>ac</span> <span class='ocrx_word' id='word_1_250' title='bbox 2477 2728 2483 2741; x_wconf 90' lang='grc'><em>·</em></span> 
     </span>
     <span class='ocr_line' id='line_1_32' title="bbox 1366 2787 2478 2848; baseline 0.002 -15"><span class='ocrx_word' id='word_1_251' title='bbox 1366 2791 1614 2844; x_wconf 69' lang='grc' dir='ltr'><em>νεῑίρίοηε</em></span> <span class='ocrx_word' id='word_1_252' title='bbox 1637 2791 1852 2846; x_wconf 78' lang='lat' dir='ltr'>plenum</span> <span class='ocrx_word' id='word_1_253' title='bbox 1880 2787 2258 2847; x_wconf 79' lang='lat' dir='ltr'>praeseferant</span> <span class='ocrx_word' id='word_1_254' title='bbox 2277 2788 2433 2848; x_wconf 69' lang='lat' dir='ltr'>(Ti-id.</span> <span class='ocrx_word' id='word_1_255' title='bbox 2469 2810 2478 2822; x_wconf 92' lang='lat'><strong>·</strong></span> 
     </span>
    </p>
   </div>
   <div class='ocr_carea' id='block_1_15' title="bbox 191 2859 1261 2992">
    <p class='ocr_par' dir='ltr' id='par_1_16' title="bbox 191 2859 1261 2992">
     <span class='ocr_line' id='line_1_33' title="bbox 191 2859 1259 2907; baseline 0.001 -2"><span class='ocrx_word' id='word_1_256' title='bbox 191 2861 340 2907; x_wconf 88' lang='lat' dir='ltr'>lieres</span> <span class='ocrx_word' id='word_1_257' title='bbox 375 2873 544 2907; x_wconf 88' lang='lat' dir='ltr'>secum</span> <span class='ocrx_word' id='word_1_258' title='bbox 576 2859 1022 2906; x_wconf 81' lang='lat' dir='ltr'>circumducebant</span> <span class='ocrx_word' id='word_1_259' title='bbox 1047 2859 1143 2906; x_wconf 87' lang='lat' dir='ltr'>sibi</span> <span class='ocrx_word' id='word_1_260' title='bbox 1170 2860 1259 2906; x_wconf 89' lang='lat' dir='ltr'>mi-</span> 
     </span>
     <span class='ocr_line' id='line_1_34' title="bbox 191 2930 1261 2992; baseline 0 -16"><span class='ocrx_word' id='word_1_261' title='bbox 191 2932 469 2977; x_wconf 85' lang='lat' dir='ltr'>nistrantes</span> <span class='ocrx_word' id='word_1_262' title='bbox 500 2932 607 2992; x_wconf 88' lang='lat' dir='ltr'>(qui</span> <span class='ocrx_word' id='word_1_263' title='bbox 644 2944 751 2976; x_wconf 88' lang='lat' dir='ltr'>mos</span> <span class='ocrx_word' id='word_1_264' title='bbox 785 2930 1114 2977; x_wconf 87' lang='lat' dir='ltr'>hebraeorum</span> <span class='ocrx_word' id='word_1_265' title='bbox 1137 2933 1261 2985; x_wconf 89' lang='lat' dir='ltr'>erat,</span> 
     </span>
    </p>
   </div>
   <div class='ocr_carea' id='block_1_16' title="bbox 190 3001 1262 3061">
    <p class='ocr_par' dir='ltr' id='par_1_17' title="bbox 190 3001 1262 3061">
     <span class='ocr_line' id='line_1_35' title="bbox 190 3001 1262 3061; baseline 0 -14"><span class='ocrx_word' id='word_1_266' title='bbox 190 3014 339 3061; x_wconf 89' lang='lat' dir='ltr'>quem</span> <span class='ocrx_word' id='word_1_267' title='bbox 374 3002 452 3047; x_wconf 83' lang='lat' dir='ltr'>vel</span> <span class='ocrx_word' id='word_1_268' title='bbox 486 3004 593 3061; x_wconf 87' lang='lat' dir='ltr'>ipsc</span> <span class='ocrx_word' id='word_1_269' title='bbox 617 3002 855 3051; x_wconf 84' lang='lat' dir='ltr'>Christus</span> <span class='ocrx_word' id='word_1_270' title='bbox 883 3004 1133 3061; x_wconf 88' lang='lat' dir='ltr'>sequutus</span> <span class='ocrx_word' id='word_1_271' title='bbox 1155 3001 1262 3048; x_wconf 86' lang='lat' dir='ltr'>fue-</span> 
     </span>
    </p>
   </div>
   <div class='ocr_carea' id='block_1_17' title="bbox 186 3071 1259 3907">
    <p class='ocr_par' dir='ltr' id='par_1_18' title="bbox 188 3071 1259 3482">
     <span class='ocr_line' id='line_1_36' title="bbox 193 3071 1259 3127; baseline 0.002 -11"><span class='ocrx_word' id='word_1_272' title='bbox 193 3075 287 3127; x_wconf 87' lang='lat' dir='ltr'>rat)</span> <span class='ocrx_word' id='word_1_273' title='bbox 307 3085 317 3116; x_wconf 92' lang='lat'>:</span> <span class='ocrx_word' id='word_1_274' title='bbox 354 3085 524 3117; x_wconf 87' lang='lat' dir='ltr'>verum</span> <span class='ocrx_word' id='word_1_275' title='bbox 560 3086 675 3119; x_wconf 90' lang='lat' dir='ltr'>cum</span> <span class='ocrx_word' id='word_1_276' title='bbox 698 3086 756 3118; x_wconf 90' lang='lat' dir='ltr'>ea</span> <span class='ocrx_word' id='word_1_277' title='bbox 777 3086 857 3118; x_wconf 89' lang='lat' dir='ltr'>res</span> <span class='ocrx_word' id='word_1_278' title='bbox 881 3072 1170 3119; x_wconf 87' lang='lat' dir='ltr'>Gentilibus</span> <span class='ocrx_word' id='word_1_279' title='bbox 1195 3071 1259 3118; x_wconf 86' lang='lat' dir='ltr'>ad</span> 
     </span>
     <span class='ocr_line' id='line_1_37' title="bbox 194 3141 1256 3197; baseline 0.001 -11"><span class='ocrx_word' id='word_1_280' title='bbox 194 3141 347 3187; x_wconf 89' lang='lat' dir='ltr'>fidem</span> <span class='ocrx_word' id='word_1_281' title='bbox 410 3144 667 3188; x_wconf 88' lang='lat' dir='ltr'>conversis</span> <span class='ocrx_word' id='word_1_282' title='bbox 730 3143 1051 3189; x_wconf 84' lang='lat' dir='ltr'>admirationi</span> <span class='ocrx_word' id='word_1_283' title='bbox 1108 3145 1256 3197; x_wconf 80' lang='lat' dir='ltr'>esset,</span> 
     </span>
     <span class='ocr_line' id='line_1_38' title="bbox 192 3212 1252 3267; baseline 0.002 -11"><span class='ocrx_word' id='word_1_284' title='bbox 192 3212 381 3257; x_wconf 88' lang='lat' dir='ltr'>Paulus</span> <span class='ocrx_word' id='word_1_285' title='bbox 416 3217 466 3257; x_wconf 86' lang='lat' dir='ltr'>et</span> <span class='ocrx_word' id='word_1_286' title='bbox 498 3213 752 3260; x_wconf 82' lang='lat' dir='ltr'>Barnabas</span> <span class='ocrx_word' id='word_1_287' title='bbox 786 3213 901 3260; x_wconf 88' lang='lat' dir='ltr'>illas</span> <span class='ocrx_word' id='word_1_288' title='bbox 935 3213 1252 3267; x_wconf 82' lang='lat' dir='ltr'>dimiserunt,</span> 
     </span>
     <span class='ocr_line' id='line_1_39' title="bbox 190 3285 1252 3340; baseline 0.001 -12"><span class='ocrx_word' id='word_1_289' title='bbox 190 3294 258 3329; x_wconf 82' lang='lat' dir='ltr'>ne</span> <span class='ocrx_word' id='word_1_290' title='bbox 286 3286 420 3340; x_wconf 82' lang='lat' dir='ltr'>quod</span> <span class='ocrx_word' id='word_1_291' title='bbox 453 3285 826 3339; x_wconf 81' lang='lat' dir='ltr'>offendiculum</span> <span class='ocrx_word' id='word_1_292' title='bbox 862 3287 1053 3332; x_wconf 81' lang='lat' dir='ltr'>darent</span> <span class='ocrx_word' id='word_1_293' title='bbox 1091 3296 1252 3331; x_wconf 82' lang='lat' dir='ltr'>evan-</span> 
     </span>
     <span class='ocr_line' id='line_1_40' title="bbox 188 3353 1254 3410; baseline 0 -10"><span class='ocrx_word' id='word_1_294' title='bbox 188 3354 323 3410; x_wconf 72' lang='lat' dir='ltr'>oelio</span> <span class='ocrx_word' id='word_1_295' title='bbox 343 3353 541 3399; x_wconf 77' lang='lat' dir='ltr'>Christi</span> <span class='ocrx_word' id='word_1_296' title='bbox 559 3354 600 3409; x_wconf 83' lang='grc' dir='ltr'>(Ι</span> <span class='ocrx_word' id='word_1_297' title='bbox 611 3354 734 3408; x_wconf 64' lang='lat' dir='ltr'>Con,</span> <span class='ocrx_word' id='word_1_298' title='bbox 744 3355 786 3408; x_wconf 91' lang='lat'>9,</span> <span class='ocrx_word' id='word_1_299' title='bbox 811 3355 901 3409; x_wconf 71' lang='lat'>123</span> <span class='ocrx_word' id='word_1_300' title='bbox 916 3354 971 3399; x_wconf 90' lang='lat' dir='ltr'>V.</span> <span class='ocrx_word' id='word_1_301' title='bbox 986 3354 1036 3401; x_wconf 89' lang='lat' dir='ltr'>S.</span> <span class='ocrx_word' id='word_1_302' title='bbox 1052 3354 1254 3400; x_wconf 86' lang='lat' dir='ltr'>Hieron.</span> 
     </span>
     <span class='ocr_line' id='line_1_41' title="bbox 189 3424 639 3482; baseline 0 -14"><span class='ocrx_word' id='word_1_303' title='bbox 189 3425 242 3469; x_wconf 89' lang='lat' dir='ltr'>in</span> <span class='ocrx_word' id='word_1_304' title='bbox 273 3424 326 3472; x_wconf 89' lang='lat' dir='ltr'>C.</span> <span class='ocrx_word' id='word_1_305' title='bbox 360 3424 432 3475; x_wconf 77' lang='lat'>27,</span> <span class='ocrx_word' id='word_1_306' title='bbox 467 3424 639 3482; x_wconf 55' lang='lat' dir='ltr'>Mate),</span> 
     </span>
    </p>

    <p class='ocr_par' dir='ltr' id='par_1_19' title="bbox 186 3492 1255 3907">
     <span class='ocr_line' id='line_1_42' title="bbox 249 3492 1255 3549; baseline 0.004 -11"><span class='ocrx_word' id='word_1_307' title='bbox 249 3494 309 3538; x_wconf 81' lang='lat'>49</span> <span class='ocrx_word' id='word_1_308' title='bbox 341 3492 398 3541; x_wconf 89' lang='lat' dir='ltr'>V.</span> <span class='ocrx_word' id='word_1_309' title='bbox 433 3494 452 3539; x_wconf 97' lang='lat' dir='ltr'>I</span> <span class='ocrx_word' id='word_1_310' title='bbox 487 3495 614 3549; x_wconf 65' lang='lat' dir='ltr'>Con,</span> <span class='ocrx_word' id='word_1_311' title='bbox 642 3494 722 3548; x_wconf 90' lang='lat' dir='ltr'>VI,</span> <span class='ocrx_word' id='word_1_312' title='bbox 756 3496 823 3543; x_wconf 85' lang='grc'>12.</span> <span class='ocrx_word' id='word_1_313' title='bbox 846 3496 1110 3543; x_wconf 86' lang='lat' dir='ltr'>Pensanda</span> <span class='ocrx_word' id='word_1_314' title='bbox 1133 3500 1255 3542; x_wconf 88' lang='lat' dir='ltr'>sunt</span> 
     </span>
     <span class='ocr_line' id='line_1_43' title="bbox 188 3565 1252 3623; baseline 0.003 -15"><span class='ocrx_word' id='word_1_315' title='bbox 188 3577 248 3609; x_wconf 88' lang='lat' dir='ltr'>ea</span> <span class='ocrx_word' id='word_1_316' title='bbox 259 3565 565 3623; x_wconf 86' lang='lat' dir='ltr'>gravissima</span> <span class='ocrx_word' id='word_1_317' title='bbox 578 3565 771 3612; x_wconf 87' lang='lat' dir='ltr'>Sacros.</span> <span class='ocrx_word' id='word_1_318' title='bbox 788 3566 1067 3613; x_wconf 88' lang='lat' dir='ltr'>Tridentini</span> <span class='ocrx_word' id='word_1_319' title='bbox 1082 3566 1252 3614; x_wconf 83' lang='lat' dir='ltr'>verba:</span> 
     </span>
     <span class='ocr_line' id='line_1_44' title="bbox 193 3635 1254 3686; baseline 0.007 -8"><span class='ocrx_word' id='word_1_320' title='bbox 193 3635 274 3679; x_wconf 82' lang='lat' dir='ltr'>Sic</span> <span class='ocrx_word' id='word_1_321' title='bbox 305 3638 445 3682; x_wconf 80' lang='lat' dir='ltr'>decet</span> <span class='ocrx_word' id='word_1_322' title='bbox 474 3637 684 3682; x_wconf 81' lang='lat' dir='ltr'>omnino</span> <span class='ocrx_word' id='word_1_323' title='bbox 724 3638 938 3684; x_wconf 78' lang='lat' dir='ltr'>clericos</span> <span class='ocrx_word' id='word_1_324' title='bbox 975 3640 1031 3683; x_wconf 81' lang='lat' dir='ltr'>in</span> <span class='ocrx_word' id='word_1_325' title='bbox 1063 3642 1254 3686; x_wconf 74' lang='lat' dir='ltr'>sortem</span> 
     </span>
     <span class='ocr_line' id='line_1_45' title="bbox 186 3704 1254 3765; baseline 0.005 -16"><span class='ocrx_word' id='word_1_326' title='bbox 186 3704 398 3751; x_wconf 80' lang='lat' dir='ltr'>Domini</span> <span class='ocrx_word' id='word_1_327' title='bbox 422 3708 630 3752; x_wconf 79' lang='lat' dir='ltr'>vocatos</span> <span class='ocrx_word' id='word_1_328' title='bbox 651 3709 818 3753; x_wconf 79' lang='lat' dir='ltr'>vitam</span> <span class='ocrx_word' id='word_1_329' title='bbox 847 3719 1112 3765; x_wconf 81' lang='lat' dir='ltr'>moresque</span> <span class='ocrx_word' id='word_1_330' title='bbox 1131 3720 1254 3754; x_wconf 75' lang='lat' dir='ltr'>suos</span> 
     </span>
     <span class='ocr_line' id='line_1_46' title="bbox 188 3780 1247 3835; baseline 0.006 -15"><span class='ocrx_word' id='word_1_331' title='bbox 188 3785 363 3823; x_wconf 79' lang='lat' dir='ltr'>omnes</span> <span class='ocrx_word' id='word_1_332' title='bbox 393 3789 713 3835; x_wconf 82' lang='lat' dir='ltr'>componere,</span> <span class='ocrx_word' id='word_1_333' title='bbox 744 3782 805 3823; x_wconf 83' lang='lat' dir='ltr'>ut</span> <span class='ocrx_word' id='word_1_334' title='bbox 843 3780 1047 3833; x_wconf 83' lang='lat' dir='ltr'>habitu,</span> <span class='ocrx_word' id='word_1_335' title='bbox 1083 3784 1247 3835; x_wconf 66' lang='lat' dir='ltr'>aestu,</span> 
     </span>
     <span class='ocr_line' id='line_1_47' title="bbox 187 3847 1253 3907; baseline 0.005 -18"><span class='ocrx_word' id='word_1_336' title='bbox 187 3847 413 3902; x_wconf 75' lang='lat' dir='ltr'>incessu,</span> <span class='ocrx_word' id='word_1_337' title='bbox 445 3860 696 3904; x_wconf 75' lang='lat' dir='ltr'>sermone,</span> <span class='ocrx_word' id='word_1_338' title='bbox 744 3850 968 3907; x_wconf 77' lang='lat' dir='ltr'>aliisque</span> <span class='ocrx_word' id='word_1_339' title='bbox 1013 3851 1253 3896; x_wconf 70' lang='lat' dir='ltr'>omnibus</span> 
     </span>
    </p>
   </div>
   <div class='ocr_carea' id='block_1_18' title="bbox 1352 2858 2435 3910">
    <p class='ocr_par' dir='ltr' id='par_1_20' title="bbox 1363 2858 2432 2990">
     <span class='ocr_line' id='line_1_48' title="bbox 1366 2858 2432 2916; baseline 0 -11"><span class='ocrx_word' id='word_1_340' title='bbox 1366 2858 1521 2914; x_wconf 88' lang='lat' dir='ltr'>XXII,</span> <span class='ocrx_word' id='word_1_341' title='bbox 1543 2859 1646 2906; x_wconf 79' lang='lat' dir='ltr'>Res.</span> <span class='ocrx_word' id='word_1_342' title='bbox 1671 2860 1725 2916; x_wconf 94' lang='lat' dir='ltr'>l).</span> <span class='ocrx_word' id='word_1_343' title='bbox 1745 2858 1973 2906; x_wconf 87' lang='lat' dir='ltr'>Scilicet:</span> <span class='ocrx_word' id='word_1_344' title='bbox 1992 2860 2146 2907; x_wconf 80' lang='lat' dir='ltr'>Liber</span> <span class='ocrx_word' id='word_1_345' title='bbox 2157 2861 2432 2916; x_wconf 78' lang='lat' dir='ltr'>laicorum,</span> 
     </span>
     <span class='ocr_line' id='line_1_49' title="bbox 1363 2930 2385 2990; baseline 0.003 -15"><span class='ocrx_word' id='word_1_346' title='bbox 1363 2933 1472 2976; x_wconf 82' lang='lat' dir='ltr'>vita</span> <span class='ocrx_word' id='word_1_347' title='bbox 1505 2933 1809 2978; x_wconf 81' lang='lat' dir='ltr'>clericorum</span> <span class='ocrx_word' id='word_1_348' title='bbox 1839 2930 2044 2990; x_wconf 87' lang='lat' dir='ltr'>(Synod.</span> <span class='ocrx_word' id='word_1_349' title='bbox 2080 2931 2385 2989; x_wconf 61' lang='lat' dir='ltr'>Tui-ritanus).</span> 
     </span>
    </p>

    <p class='ocr_par' dir='ltr' id='par_1_21' title="bbox 1358 2998 2435 3342">
     <span class='ocr_line' id='line_1_50' title="bbox 1429 2998 2433 3061; baseline -0.001 -16"><span class='ocrx_word' id='word_1_350' title='bbox 1429 3002 1446 3045; x_wconf 95' lang='lat' dir='ltr'>l</span> <span class='ocrx_word' id='word_1_351' title='bbox 1482 3001 1603 3047; x_wconf 91' lang='lat' dir='ltr'>Ben.</span> <span class='ocrx_word' id='word_1_352' title='bbox 1634 3000 1765 3054; x_wconf 88' lang='lat' dir='ltr'>XIV,</span> <span class='ocrx_word' id='word_1_353' title='bbox 1801 3001 1851 3050; x_wconf 90' lang='lat' dir='ltr'>C.</span> <span class='ocrx_word' id='word_1_354' title='bbox 1877 3002 1948 3046; x_wconf 84' lang='lat' dir='ltr'>Eo</span> <span class='ocrx_word' id='word_1_355' title='bbox 1975 3001 2236 3059; x_wconf 71' lang='lat' dir='ltr'>quamvis,</span> <span class='ocrx_word' id='word_1_356' title='bbox 2269 3001 2332 3061; x_wconf 72' lang='lat' dir='ltr'>§g</span> <span class='ocrx_word' id='word_1_357' title='bbox 2357 2998 2433 3056; x_wconf 89' lang='grc'>22,</span> 
     </span>
     <span class='ocr_line' id='line_1_51' title="bbox 1360 3071 2435 3133; baseline 0.001 -17"><span class='ocrx_word' id='word_1_358' title='bbox 1360 3072 1436 3129; x_wconf 90' lang='grc'>23,</span> <span class='ocrx_word' id='word_1_359' title='bbox 1467 3071 1539 3117; x_wconf 89' lang='grc'>28.</span> <span class='ocrx_word' id='word_1_360' title='bbox 1574 3076 1646 3119; x_wconf 81' lang='lat' dir='ltr'>At</span> <span class='ocrx_word' id='word_1_361' title='bbox 1678 3073 1766 3133; x_wconf 89' lang='lat' dir='ltr'>qui</span> <span class='ocrx_word' id='word_1_362' title='bbox 1800 3074 1976 3128; x_wconf 81' lang='lat' dir='ltr'>inviti,</span> <span class='ocrx_word' id='word_1_363' title='bbox 2007 3071 2060 3117; x_wconf 89' lang='lat' dir='ltr'>in</span> <span class='ocrx_word' id='word_1_364' title='bbox 2093 3071 2198 3119; x_wconf 85' lang='lat' dir='ltr'>foro</span> <span class='ocrx_word' id='word_1_365' title='bbox 2224 3074 2435 3129; x_wconf 81' lang='lat' dir='ltr'>externo</span> 
     </span>
     <span class='ocr_line' id='line_1_52' title="bbox 1361 3141 2431 3202; baseline 0 -14"><span class='ocrx_word' id='word_1_366' title='bbox 1361 3146 1596 3188; x_wconf 85' lang='lat' dir='ltr'>tenentur</span> <span class='ocrx_word' id='word_1_367' title='bbox 1616 3147 1843 3202; x_wconf 87' lang='lat' dir='ltr'>utroque,</span> <span class='ocrx_word' id='word_1_368' title='bbox 1859 3142 2015 3189; x_wconf 84' lang='lat' dir='ltr'>donec</span> <span class='ocrx_word' id='word_1_369' title='bbox 2034 3141 2097 3188; x_wconf 88' lang='lat' dir='ltr'>de</span> <span class='ocrx_word' id='word_1_370' title='bbox 2113 3143 2163 3188; x_wconf 84' lang='lat' dir='ltr'>vi</span> <span class='ocrx_word' id='word_1_371' title='bbox 2183 3145 2272 3189; x_wconf 81' lang='lat' dir='ltr'>aut</span> <span class='ocrx_word' id='word_1_372' title='bbox 2290 3144 2431 3189; x_wconf 79' lang='lat' dir='ltr'>metu</span> 
     </span>
     <span class='ocr_line' id='line_1_53' title="bbox 1361 3211 2433 3273; baseline -0.002 -14"><span class='ocrx_word' id='word_1_373' title='bbox 1361 3213 1495 3273; x_wconf 89' lang='lat' dir='ltr'>apud</span> <span class='ocrx_word' id='word_1_374' title='bbox 1515 3215 1558 3261; x_wconf 91' lang='lat' dir='ltr'>S.</span> <span class='ocrx_word' id='word_1_375' title='bbox 1576 3213 1650 3269; x_wconf 92' lang='grc'>0.,</span> <span class='ocrx_word' id='word_1_376' title='bbox 1666 3213 1744 3258; x_wconf 85' lang='lat' dir='ltr'>vel</span> <span class='ocrx_word' id='word_1_377' title='bbox 1764 3213 1813 3260; x_wconf 90' lang='lat' dir='ltr'>S.</span> <span class='ocrx_word' id='word_1_378' title='bbox 1827 3212 1947 3261; x_wconf 84' lang='lat' dir='ltr'>C.C.</span> <span class='ocrx_word' id='word_1_379' title='bbox 1968 3216 2198 3259; x_wconf 84' lang='lat' dir='ltr'>constare</span> <span class='ocrx_word' id='word_1_380' title='bbox 2220 3211 2433 3259; x_wconf 82' lang='lat' dir='ltr'>fecerint</span> 
     </span>
     <span class='ocr_line' id='line_1_54' title="bbox 1358 3282 2275 3342; baseline 0.001 -15"><span class='ocrx_word' id='word_1_381' title='bbox 1358 3283 1435 3342; x_wconf 88' lang='lat' dir='ltr'>(V.</span> <span class='ocrx_word' id='word_1_382' title='bbox 1460 3287 1589 3331; x_wconf 84' lang='lat' dir='ltr'>Acta</span> <span class='ocrx_word' id='word_1_383' title='bbox 1610 3283 1649 3339; x_wconf 90' lang='lat'>1,</span> <span class='ocrx_word' id='word_1_384' title='bbox 1681 3284 1790 3342; x_wconf 76' lang='lat'><strong>3303</strong></span> <span class='ocrx_word' id='word_1_385' title='bbox 1824 3282 1887 3340; x_wconf 87' lang='lat'>11,</span> <span class='ocrx_word' id='word_1_386' title='bbox 1920 3283 2031 3339; x_wconf 79' lang='lat'>4433</span> <span class='ocrx_word' id='word_1_387' title='bbox 2066 3282 2152 3336; x_wconf 80' lang='lat' dir='ltr'>VI,</span> <span class='ocrx_word' id='word_1_388' title='bbox 2183 3282 2275 3340; x_wconf 84' lang='lat'>85).</span> 
     </span>
    </p>

    <p class='ocr_par' dir='ltr' id='par_1_22' title="bbox 1417 3353 1921 3410">
     <span class='ocr_line' id='line_1_55' title="bbox 1417 3353 1921 3410; baseline 0.002 -12"><span class='ocrx_word' id='word_1_389' title='bbox 1417 3354 1447 3398; x_wconf 90' lang='grc'>2</span> <span class='ocrx_word' id='word_1_390' title='bbox 1484 3354 1558 3399; x_wconf 83' lang='lat' dir='ltr'>Ex</span> <span class='ocrx_word' id='word_1_391' title='bbox 1592 3353 1754 3410; x_wconf 71' lang='lat' dir='ltr'>Hebr„</span> <span class='ocrx_word' id='word_1_392' title='bbox 1789 3353 1846 3408; x_wconf 91' lang='lat' dir='ltr'>V,</span> <span class='ocrx_word' id='word_1_393' title='bbox 1886 3355 1921 3399; x_wconf 90' lang='lat'>1.</span> 
     </span>
    </p>

    <p class='ocr_par' dir='ltr' id='par_1_23' title="bbox 1417 3423 1964 3485">
     <span class='ocr_line' id='line_1_56' title="bbox 1417 3423 1964 3485; baseline 0 -15"><span class='ocrx_word' id='word_1_394' title='bbox 1417 3426 1446 3470; x_wconf 88' lang='lat'><strong>3</strong></span> <span class='ocrx_word' id='word_1_395' title='bbox 1479 3426 1555 3471; x_wconf 87' lang='lat' dir='ltr'>Ex</span> <span class='ocrx_word' id='word_1_396' title='bbox 1589 3426 1610 3471; x_wconf 92' lang='lat'>1</span> <span class='ocrx_word' id='word_1_397' title='bbox 1645 3426 1772 3485; x_wconf 67' lang='lat' dir='ltr'>Cor„</span> <span class='ocrx_word' id='word_1_398' title='bbox 1806 3423 1893 3480; x_wconf 89' lang='lat' dir='ltr'>IV,</span> <span class='ocrx_word' id='word_1_399' title='bbox 1926 3426 1964 3470; x_wconf 89' lang='lat' dir='ltr'>l.</span> 
     </span>
    </p>

    <p class='ocr_par' dir='ltr' id='par_1_24' title="bbox 1418 3494 1978 3556">
     <span class='ocr_line' id='line_1_57' title="bbox 1418 3494 1978 3556; baseline 0 -15"><span class='ocrx_word' id='word_1_400' title='bbox 1418 3499 1445 3541; x_wconf 83' lang='lat'>4</span> <span class='ocrx_word' id='word_1_401' title='bbox 1477 3496 1526 3543; x_wconf 90' lang='lat' dir='ltr'>S.</span> <span class='ocrx_word' id='word_1_402' title='bbox 1559 3495 1724 3556; x_wconf 89' lang='lat' dir='ltr'>Alph.,</span> <span class='ocrx_word' id='word_1_403' title='bbox 1761 3494 1844 3555; x_wconf 86' lang='lat' dir='ltr'>VI,</span> <span class='ocrx_word' id='word_1_404' title='bbox 1875 3494 1978 3541; x_wconf 86' lang='grc'>625.</span> 
     </span>
    </p>

    <p class='ocr_par' dir='ltr' id='par_1_25' title="bbox 1414 3565 1973 3627">
     <span class='ocr_line' id='line_1_58' title="bbox 1414 3565 1973 3627; baseline -0.002 -16"><span class='ocrx_word' id='word_1_405' title='bbox 1414 3567 1444 3611; x_wconf 89' lang='grc'>5</span> <span class='ocrx_word' id='word_1_406' title='bbox 1476 3567 1525 3614; x_wconf 84' lang='lat' dir='ltr'>S.</span> <span class='ocrx_word' id='word_1_407' title='bbox 1558 3566 1723 3627; x_wconf 86' lang='lat' dir='ltr'>Alph.,</span> <span class='ocrx_word' id='word_1_408' title='bbox 1754 3565 1837 3620; x_wconf 83' lang='lat' dir='ltr'>VI,</span> <span class='ocrx_word' id='word_1_409' title='bbox 1869 3566 1973 3611; x_wconf 85' lang='grc'>625.</span> 
     </span>
    </p>

    <p class='ocr_par' dir='ltr' id='par_1_26' title="bbox 1352 3633 2429 3910">
     <span class='ocr_line' id='line_1_59' title="bbox 1415 3633 2429 3697; baseline 0.001 -16"><span class='ocrx_word' id='word_1_410' title='bbox 1415 3638 1444 3681; x_wconf 90' lang='grc'>6</span> <span class='ocrx_word' id='word_1_411' title='bbox 1476 3638 1524 3684; x_wconf 89' lang='lat' dir='ltr'>S.</span> <span class='ocrx_word' id='word_1_412' title='bbox 1548 3637 1715 3697; x_wconf 88' lang='lat' dir='ltr'>Alph.,</span> <span class='ocrx_word' id='word_1_413' title='bbox 1736 3636 1817 3693; x_wconf 83' lang='lat' dir='ltr'>VI,</span> <span class='ocrx_word' id='word_1_414' title='bbox 1854 3636 1968 3693; x_wconf 77' lang='lat'>6243</span> <span class='ocrx_word' id='word_1_415' title='bbox 2001 3634 2062 3681; x_wconf 92' lang='lat' dir='ltr'>H.</span> <span class='ocrx_word' id='word_1_416' title='bbox 2086 3636 2145 3682; x_wconf 78' lang='lat' dir='ltr'>A.</span> <span class='ocrx_word' id='word_1_417' title='bbox 2171 3633 2301 3691; x_wconf 88' lang='lat' dir='ltr'>XVI,</span> <span class='ocrx_word' id='word_1_418' title='bbox 2327 3635 2429 3683; x_wconf 85' lang='grc'>125.</span> 
     </span>
     <span class='ocr_line' id='line_1_60' title="bbox 1354 3705 2428 3768; baseline -0.001 -14"><span class='ocrx_word' id='word_1_419' title='bbox 1354 3708 1537 3755; x_wconf 85' lang='lat' dir='ltr'>Utrum</span> <span class='ocrx_word' id='word_1_420' title='bbox 1556 3711 1607 3754; x_wconf 86' lang='lat' dir='ltr'>et</span> <span class='ocrx_word' id='word_1_421' title='bbox 1628 3721 1743 3755; x_wconf 89' lang='lat' dir='ltr'>cum</span> <span class='ocrx_word' id='word_1_422' title='bbox 1765 3705 1992 3768; x_wconf 85' lang='lat' dir='ltr'>periculo</span> <span class='ocrx_word' id='word_1_423' title='bbox 2009 3705 2159 3760; x_wconf 85' lang='lat' dir='ltr'>vitae,</span> <span class='ocrx_word' id='word_1_424' title='bbox 2177 3718 2276 3752; x_wconf 90' lang='lat' dir='ltr'>non</span> <span class='ocrx_word' id='word_1_425' title='bbox 2295 3706 2428 3753; x_wconf 81' lang='lat' dir='ltr'>satis</span> 
     </span>
     <span class='ocr_line' id='line_1_61' title="bbox 1352 3776 2425 3839; baseline -0.001 -15"><span class='ocrx_word' id='word_1_426' title='bbox 1352 3778 1514 3839; x_wconf 84' lang='lat' dir='ltr'>liquet</span> <span class='ocrx_word' id='word_1_427' title='bbox 1557 3777 1634 3833; x_wconf 85' lang='lat' dir='ltr'>(V.</span> <span class='ocrx_word' id='word_1_428' title='bbox 1678 3778 1835 3837; x_wconf 83' lang='lat' dir='ltr'>Lugo,</span> <span class='ocrx_word' id='word_1_429' title='bbox 1872 3779 1947 3826; x_wconf 92' lang='lat' dir='ltr'>De</span> <span class='ocrx_word' id='word_1_430' title='bbox 1976 3777 2189 3834; x_wconf 66' lang='lat' dir='ltr'>Poenit„</span> <span class='ocrx_word' id='word_1_431' title='bbox 2231 3776 2306 3834; x_wconf 87' lang='grc'>22,</span> <span class='ocrx_word' id='word_1_432' title='bbox 2344 3777 2425 3832; x_wconf 80' lang='grc'>13;</span> 
     </span>
     <span class='ocr_line' id='line_1_62' title="bbox 1354 3846 1829 3910; baseline -0.006 -15"><span class='ocrx_word' id='word_1_433' title='bbox 1354 3848 1403 3895; x_wconf 89' lang='lat' dir='ltr'>S.</span> <span class='ocrx_word' id='word_1_434' title='bbox 1437 3847 1599 3910; x_wconf 87' lang='lat' dir='ltr'>Alph.,</span> <span class='ocrx_word' id='word_1_435' title='bbox 1633 3846 1700 3904; x_wconf 92' lang='lat'>11,</span> <span class='ocrx_word' id='word_1_436' title='bbox 1731 3847 1829 3908; x_wconf 89' lang='grc'>27).</span> 
     </span>
    </p>
   </div>
   <div class='ocr_carea' id='block_1_19' title="bbox 2581 2620 2632 3096">
    <p class='ocr_par' dir='ltr' id='par_1_27' title="bbox 2581 2620 2632 3096">
     <span class='ocr_line' id='line_1_63' title="bbox 2581 2620 2632 3096; textangle 90"><span class='ocrx_word' id='word_1_437' title='bbox 2608 3071 2619 3096; x_wconf 54' lang='grc'>·’</span> <span class='ocrx_word' id='word_1_438' title='bbox 2590 2707 2632 3028; x_wconf 49' lang='lat' dir='ltr'>&#39;Mamm-2.</span> <span class='ocrx_word' id='word_1_439' title='bbox 2581 2620 2632 2658; x_wconf 63' lang='grc'>..’.</span> 
     </span>
    </p>
   </div>
   <div class='ocr_carea' id='block_1_20' title="bbox 2555 3013 2632 4094">
    <p class='ocr_par' dir='ltr' id='par_1_28' title="bbox 2555 3013 2632 4094">
     <span class='ocr_line' id='line_1_64' title="bbox 2555 3013 2632 4094; baseline 0 0"><span class='ocrx_word' id='word_1_440' title='bbox 2555 3013 2632 4094; x_wconf 95' lang='lat' dir='ltr'> </span> 
     </span>
    </p>
   </div>
  </div>
 </body>
</html>
