2632 4094
219 196 324 251 ‘230
561 209 703 246 mum
738 208 804 246 m.
833 218 856 230 -
889 206 1062 246 macr.
1098 206 1147 245 n.
1183 207 1247 246 nu
1282 206 1623 247 saeuum-ns
1655 205 2115 251 cummi-mmmm

297 299 423 352 274.
447 297 757 364 subjectus
778 292 1050 363 baptismi
1072 293 1166 347 est
1193 290 1378 346 omnis
1406 292 1547 344 homo
1574 305 1688 346 non
1719 292 2072 362 baptizatus,
2085 293 2216 360 etsi,
2238 293 2459 360 verius,
2515 290 2535 301 ‘⁴
2590 301 2597 308 ‘

222 388 475 440 nondum
501 389 514 440 i
524 402 557 439 n
584 385 774 439 lucem
790 380 1128 454 editus(35).
1143 381 1290 444 Quid
1315 380 1496 449 igitur
1515 380 1562 435 si
1587 381 1800 437 mulier
1819 383 1996 439 enixa
2013 384 2188 441 merit
2210 400 2457 445 massam

220 490 511 537 carneam,
538 474 630 528 vel
654 474 967 535 ostentum,
992 471 1085 526 vel
1109 470 1467 525 monstrum?
1487 470 1576 539 (V.
1605 471 1752 525 Prol.
1784 472 1822 540 ἓ
1849 472 1958 544 28).
1980 473 2053 529 Et
2077 474 2331 545 profecto
2361 477 2461 531 illa

220 564 569 633 baptizanda
598 565 690 618 est
717 563 824 617 sub
847 561 1200 623 conditione,
1223 560 1332 615 nisi
1362 563 1648 630 appareat
1679 562 1988 619 manifeste
2011 564 2302 621 exanimis
2321 564 2455 639 (36).

219 654 283 708 In
325 656 553 708 ostento
595 651 642 706 si
686 651 899 707 habeat
943 650 1110 720 plura
1144 650 1428 705 distincta
1471 654 1724 720 pectora,
1757 654 1816 707 et
1857 652 2067 722 capita,
2099 655 2459 727 unumquod-

220 758 335 815 que
377 747 555 813 caput
597 741 878 812 baptizari
920 742 1095 796 debet
1136 755 1416 802 seorsum,
1446 743 1509 795 et
1547 741 1817 796 absolute
1847 739 1977 813 (37).
2011 742 2109 798 Sin
2153 744 2322 814 plura
2362 759 2459 815 pe·

220 836 399 895 ctora,
455 836 632 902 caput
685 846 881 892 unum,
935 830 1028 885 vel
1085 833 1308 894 contra,
1351 830 1519 899 plura
1572 830 1786 900 capita,
1840 846 2021 887 unum
2080 834 2299 902 pectus,
2342 848 2480 895 uno⁸

222 923 414 993 capite
454 921 720 976 absolute
763 920 1074 990 baptizato,
1117 922 1319 974 cetera
1361 934 1465 974 seu
1507 920 1719 988 capita,
1749 935 1854 975 seu
1898 922 2152 990 pectora,
2179 923 2289 978 sub
2330 937 2465 978 con-

219 1013 441 1067 ditione
482 1015 619 1066 sunt
660 1010 973 1066 abluenda.
1023 1007 1297 1079 Denique
1340 1014 1658 1063 monstrum
1699 1025 1774 1064 ex
1815 1009 1941 1064 viro
1981 1012 2041 1065 et
2082 1010 2332 1068 muliere
2371 1027 2464 1068 su-

219 1106 502 1172 sceptum,
526 1101 572 1155 si
603 1099 859 1169 speciem
891 1100 1204 1153 humanam
1235 1098 1495 1168 praefert
1524 1100 1735 1168 capite,
1757 1099 2052 1163 absolute;
2077 1099 2168 1155 sin
2206 1102 2459 1170 pectore,

218 1193 327 1247 sub
356 1191 689 1246 conditione
721 1188 1003 1258 baptizari
1047 1188 1246 1243 debet:
1281 1188 1420 1243 item
1463 1188 1509 1242 si
1542 1204 1650 1244 nec
1680 1189 1874 1258 capite
1918 1205 2026 1244 nec
2068 1191 2324 1259 pectore,
2357 1190 2461 1247 sed

219 1281 464 1351 reliquis
504 1279 814 1334 membris:
858 1282 919 1332 at
961 1278 1010 1332 si
1054 1278 1365 1332 humanam
1426 1278 1677 1346 speciem
1743 1278 2085 1334 nullatenus
2148 1278 2473 1349 praeferat,

220 1370 501 1441 baptizari
534 1385 645 1423 non
677 1368 852 1423 debet
879 1365 1011 1438 (38).
1042 1368 1115 1421 Et
1146 1368 1202 1421 in
1237 1366 1557 1423 infantibus
1586 1368 1679 1423 vel
1725 1367 1920 1423 idiotis
1947 1367 2035 1438 (V.
2063 1369 2210 1423 Prol.
2235 1370 2266 1439 §
2288 1370 2378 1434 30,
2402 1365 2469 1440 3)

221 1460 364 1516 nihil
394 1460 551 1515 aliud
597 1458 933 1528 requiritur,
958 1459 1019 1511 ut
1047 1457 1372 1526 baptismus
1400 1457 1594 1512 valide
1636 1457 1887 1513 conferri
1922 1459 2120 1526 possit.
2145 1455 2207 1512 In
2237 1457 2462 1514 adultis

221 1550 547 1604 intentione
592 1551 900 1617 praeterea
940 1562 1084 1616 opus
1124 1550 1233 1611 est,
1263 1561 1480 1616 eosque
1525 1546 1738 1602 invitos
1779 1547 2076 1618 baptizare
2121 1548 2336 1604 nedum
2371 1561 2460 1604 sa-

220 1639 524 1707 crilegum,
551 1638 648 1691 sed
676 1640 735 1691 et
758 1639 963 1690 contra
982 1635 1276 1705 justitiam
1300 1650 1484 1703 grave
1507 1637 1598 1690 est
1618 1634 1756 1708 (39),
1780 1636 1918 1691 licet
1941 1637 2058 1692 sint
2081 1637 2178 1691 vix
2208 1638 2464 1708 majores

222 1729 495 1783 infantes.
539 1727 816 1780 Adultum
859 1740 999 1779 vero
1044 1724 1368 1793 accipimus
1415 1726 1732 1794 repulariter
1768 1728 2006 1795 completo
2043 1729 2300 1797 septennio
2331 1727 2457 1799 (40).

219 1820 283 1873 In
326 1818 529 1872 adulto
558 1816 830 1871 sensibus
871 1814 1153 1870 destituto
1195 1814 1251 1868 in
1297 1814 1555 1883 periculo
1585 1814 1783 1870 mortis
1822 1815 2039 1871 sufficit
2068 1816 2318 1872 intentio
2360 1817 2462 1871 im·

220 1908 441 1978 pilcita,
473 1923 543 1962 ea
574 1921 783 1976 nempe
825 1919 978 1975 quae
1009 1905 1346 1958 continetur
1387 1904 1444 1958 in
1478 1904 1783 1959 voluntate
1824 1904 2000 1960 dandi
2042 1921 2252 1963 nomen
2291 1905 2462 1963 Reli-

219 1998 381 2067 gioni
411 1996 772 2051 christianae
799 1993 938 2067 (41);
973 1996 1031 2048 et
1061 1994 1270 2065 (forte),
1301 1994 1347 2049 si
1381 1995 1530 2048 hanc
1573 1994 1824 2063 ignoret,
1853 1995 1947 2050 vel
1989 1995 2176 2051 solum
2203 1996 2458 2053 faciendi

219 2102 626 2158 quaecumque
659 2085 994 2140 necessaria
1021 2087 1158 2138 sunt
1186 2084 1259 2138 ad
1289 2083 1540 2138 salutem
1565 2082 1692 2154 (42).
1718 2085 1778 2138 In
1814 2083 2137 2140 infantibus
2165 2085 2302 2140 filiis
2331 2078 2481 2142 infl?

220 2178 456 2237 delium,
477 2178 568 2230 vel
593 2176 1041 2237 haereticorum,
1068 2174 1347 2228 nonnulla
1368 2173 1736 2228 observanda
1757 2177 1910 2237 sunt,
1937 2177 2000 2229 ut
2021 2176 2156 2229 licite
2177 2174 2460 2246 baptizari
2536 2235 2539 2245 y
2604 2202 2611 2214 .

223 2268 443 2337 possint
487 2265 621 2336 (43).
666 2267 737 2319 Et
778 2265 836 2318 in
882 2265 1082 2334 primis
1115 2264 1405 2333 justitiae,
1449 2268 1508 2318 et
1549 2264 1822 2333 religioni
1865 2270 2098 2321 nostrae
2132 2266 2460 2323 cavendum
2531 2274 2534 2280 '

220 2360 336 2413 est:
369 2357 452 2410 illi
486 2373 556 2410 ne
602 2355 974 2424 baptizentur
1015 2353 1217 2408 invitis
1248 2355 1616 2423 parentibus;
1658 2356 1781 2409 huic
1821 2373 1883 2408 ne
1912 2358 2169 2426 baptizati,
2187 2363 2465 2427 postquam

281 2532 339 2575 35
357 2529 411 2573 V.
434 2529 490 2573 D.
510 2528 749 2582 Th0.‚111‚
767 2529 838 2582 68,
866 2529 930 2572 ll.
948 2530 1152 2581 Verz'us;
1173 2541 1289 2573 narn

219 2601 337 2648 olim
359 2601 703 2659 disceptatum
730 2603 808 2645 est
830 2599 909 2655 (V.
926 2599 1044 2645 Ben.
1066 2598 1197 2652 XIV,
1216 2600 1290 2646 De

221 2672 359 2731 Syn„
394 2671 497 2723 VII,
533 2672 574 2718 5.
608 2670 658 2724 2;
695 2670 743 2715 S.
777 2670 944 2729 Alph„
980 2669 1060 2723 VI,
1102 2671 1218 2729 107).

279 2743 338 2788 36
369 2741 442 2790 Cf.
476 2741 654 2788 Baller.
692 2740 754 2786 ad
789 2741 948 2797 Gury,
984 2741 1046 2796 11,
1080 2743 1183 2787 247.

282 2813 338 2857 37
373 2815 471 2859 Rit.
506 2813 663 2864 Rom„
683 2813 758 2858 De
789 2814 939 2870 Bapt.
969 2826 1136 2869 parv„
1160 2817 1187 2867 ἓ
1214 2815 1258 2857 6.

278 2885 336 2929 38
372 2885 470 2930 Bit.
506 2885 659 2939 Rom„
681 2884 746 2931 ib.
772 2885 863 2938 §5-
890 2870 1074 2929 Verufn
1110 2883 1288 2943 quidni

220 2956 382 3015 possit
415 2955 658 3014 baptizari
700 2955 796 3001 sub
835 2954 1159 3000 conditione?
1196 2953 1290 2998 Ve-

219 3035 380 3071 terum
407 3027 576 3085 opinio
606 3025 718 3077 fuit,
747 3038 894 3084 posse
931 3024 1190 3069 mulierem
1227 3037 1288 3069 ex

219 3097 365 3141 bruto
380 3096 754 3154 concipere;sed
771 3096 1072 3141 recentiores
1093 3094 1288 3153 physici

220 3171 391 3212 contra
443 3171 641 3225 putant,
677 3170 727 3211 et
777 3165 1188 3212 animadvertunt
1238 3166 1287 3209 in

221 3238 462 3281 monstris
509 3237 802 3295 huJusmodi
848 3249 1047 3295 semper
1086 3234 1288 3294 aliquod

220 3307 471 3352 humanae
512 3308 697 3364 speciei
746 3307 1019 3366 vestigium
1067 3306 1288 3365 reperiri.

220 3377 279 3423 V.
308 3377 433 3422 Prol.
462 3379 487 3434 ἓ
513 3379 586 3432 28,
619 3380 678 3421 lO.

310 3449 367 3491 39
403 3446 529 3493 Dist.
564 3449 637 3500 45,
676 3450 728 3495 C.
762 3451 810 3502 53
850 3448 905 3493 D.
942 3448 1076 3502 Tho.,
1105 3447 1195 3501 111,
1217 3447 1288 3500 68,

221 3520 326 3563 ΑΛ.
358 3520 400 3572 5,
442 3518 505 3560 ιο.

279 3588 338 3631 40
372 3588 420 3633 S.
444 3589 494 3634 C.
521 3589 587 3642 C.,
622 3589 673 3631 16
701 3588 824 3632 Julii
858 3589 1133 3642 1639313en.
1158 3587 1289 3639 XIV,

220 3663 249 3712 g
283 3659 354 3702 32.
389 3658 593 3716 Nempe,
638 3662 806 3703 utrum
852 3661 968 3717 quis
1009 3662 1172 3705 factus
1223 3660 1292 3704 sit

221 3729 431 3772 rationis
449 3742 669 3787 compos,
689 3732 920 3788 quaestio
935 3734 1012 3775 est
1035 3730 1170 3782 facti,
1191 3743 1288 3775 non

212 3799 367 3858 juris:
394 3803 456 3851 et,
491 3800 534 3843 si
559 3799 609 3843 id
635 3813 733 3844 non
758 3802 885 3845 satis
911 3804 1164 3859 appareat,
1189 3813 1290 3846 non

218 3873 300 3915 est
336 3871 540 3916 interim
574 3871 910 3917 remittendus
956 3872 1017 3917 ad
1052 3875 1289 3933 parentes

1390 2526 1515 2572 forte
1559 2527 1804 2580 infideles,
1829 2528 1915 2573 sed
1953 2528 2246 2575 retinendus
2289 2533 2343 2576 et
2384 2512 2467 2578 in-‘

1389 2597 2004 2653 struendas(Ben.X1V,
2053 2599 2127 2652 33,
2173 2602 2308 2657 etc.);
2357 2601 2469 2648 nisi*
2548 2591 2553 2593 “
2600 2616 2602 2623 v

1390 2669 1605 2727 incapax
1640 2670 1880 2715 inventus
1911 2668 2065 2715 fuerit
2097 2669 2185 2727 (rb.
2217 2675 2248 2727 ἓ
2278 2671 2366 2730 40).
2392 2672 2465 2746 Et

1390 2739 1481 2784 filii
1516 2737 1802 2784 infidelium
1827 2740 1906 2785 vel
1928 2742 2296 2788 haeretieorum
2319 2741 2458 2791 licito

1390 2809 1725 2870 baptizantur,
1746 2812 1844 2856 nisi
1870 2811 2006 2857 adsit
2026 2815 2326 2870 apostasiae
2351 2812 2463 2864 cer-1

1392 2883 1554 2926 titudo
1572 2881 1642 2937 (S.
1663 2880 1717 2926 U.
1740 2881 1775 2926 Ι.
1793 2882 1844 2927 in
1863 2882 1947 2928 fer.
1969 2882 2021 2936 V,
2041 2883 2302 2931 120ctobr.
2324 2884 2460 2943 16003
2531 2938 2533 2945 ,

1389 2951 1475 2997 fer.
1498 2951 1579 3006 IV,
1611 2954 1663 2996 13
1697 2951 1840 2998 Febr.
1879 2954 2026 3010 1867).

1450 3024 1501 3066 41
1539 3023 1699 3082 Lugo,
1732 3023 1817 3082 IX,
1851 3025 1951 3070 130.

1450 3094 1508 3137 42
1530 3093 1788 3149 Croix,VI‚
1811 3094 1845 3148 I,
1860 3095 1971 3147 288:
1989 3094 2166 3152 Gobat,
2182 3096 2259 3142 Tr.
2280 3096 2339 3154 11,
2355 3096 2459 3142 298.

1391 3164 1550 3209 Immo
1589 3170 1639 3210 et
1682 3179 1739 3211 ea
1787 3179 1916 3225 quae
1950 3167 2001 3211 in
2046 3168 2155 3213 sola
2197 3168 2461 3214 attritione

1391 3239 1679 3282 continetur
1712 3236 1885 3297 (Spor.‚
1910 3239 2014 3291 156;
2038 3237 2215 3292 Gobat‚
2249 3237 2462 3294 Dicant„

1391 3306 1439 3352 S.
1464 3307 1632 3367 Alph.,
1662 3307 1743 3362 VI,
1766 3309 1856 3364 82).
1883 3308 1963 3362 Et,
1985 3307 2134 3355 rebus
2159 3308 2459 3368 desperatis,

1390 3382 1545 3423 recte:
1566 3382 1618 3423 at
1637 3391 1750 3424 cum
1774 3391 1952 3424 sanam
1979 3382 2195 3423 mentem
2214 3378 2461 3438 receperit

1393 3448 1571 3497 denuo,
1626 3448 1722 3494 sub
1776 3448 2078 3507 conditione,
2123 3447 2456 3508 baptizandus

1391 3520 1508 3569 erit:
1535 3533 1592 3565 eo
1614 3523 1815 3564 tantum
1845 3523 2075 3578 excepto,
2093 3520 2180 3579 qui
2204 3531 2374 3564 veram
2408 3526 2457 3564 et

1392 3589 1681 3647 explicitam
1718 3602 1807 3634 nec
1842 3592 2166 3635 retractatam
2210 3589 2456 3635 intentio-

1392 3673 1503 3704 nem
1541 3659 1768 3705 habebat.

1454 3730 1511 3774 43
1535 3730 1668 3775 Haec
1693 3730 1811 3775 olim
1835 3730 1958 3775 solis
1982 3729 2080 3774 fere
2104 3728 2454 3784 Missiouariis,

1393 3800 1556 3854 hodie,
1593 3800 1718 3859 proh
1744 3799 1907 3846 dolor!
1931 3799 2075 3847 nobis
2101 3811 2300 3859 quoque
2323 3799 2456 3846 scitu

1393 3872 1681 3918 necessaria
1713 3874 1849 3918 sunt.
