2632 4094
200 142 302 200 348
796 159 939 199 maen
973 159 1038 199 ιιι.
1076 159 1304 200 &mc-1·
1339 160 1401 199 vi.
1437 160 1503 199 ne
1537 159 1845 201 ιιΑτιιιιιοιιιο
2347 163 2356 178 ²
2360 159 2465 217 ,κς--

188 240 509 304 admiserit,
526 221 776 296 infidelis
793 254 1023 311 quoque
1041 253 1110 295 eo
1124 238 1576 312 tenebitur(36);
1589 240 2159 299 dummodotoeumab
2174 211 2429 315 utroque
2462 215 2591 313 ’Ἢ

193 329 371 384 suerit
402 328 717 383 admissum
745 327 873 400 (37).
903 328 1015 384 Seu
1044 332 1246 384 autem
1286 329 1784 398 impedimentum,
1811 343 1919 386 seu
1945 317 2133 401 poena
2158 330 2256 395 sit,
2289 330 2432 403 quia
2509 378 2515 390 ,

191 433 264 472 ex
295 418 539 473 crimine
569 417 771 482 oritur,
804 433 917 472 non
947 419 1114 473 tenet
1140 432 1239 473 eos
1267 418 1365 488 qui
1396 417 1453 472 in
1484 418 1837 474 infidelitate
1865 419 1972 475 hoc
1999 419 2222 476 crimen
2251 418 2432 475 admi-

189 511 415 571 serunt,
438 508 486 562 si
519 511 724 578 postea
749 508 822 562 ad
852 508 1022 563 fldem
1053 507 1319 563 conversi
1350 506 1781 562 matrimonium
1807 506 1962 563 inter
1987 522 2052 564 se
2081 508 2432 566 contrahere

192 596 398 660 velint,
434 597 572 667 quia
601 597 796 652 omnia
827 598 1069 652 crimina
1098 597 1383 675 baptismo
1412 596 1708 651 delentur:
1738 603 1789 650 ec
1811 612 1954 651 nomo
1981 603 2132 667 nogat
2156 595 2291 669 (38).

470 794 547 844 De
584 808 834 846 consensu
874 795 946 845 ad
982 793 1373 845 matrimonium
1412 791 1816 845 contrahendum
1857 794 2158 846 necessario.

270 958 396 1010 443.
417 955 677 1026 Denique
699 971 841 1025 opus
864 959 955 1011 est
984 970 1289 1019 consensu,
1313 954 1462 1010 idest
1493 969 1634 1008 vera
1663 953 1991 1024 utriusque,
2011 968 2189 1024 super
2221 953 2431 1010 eadem
2457 958 2472 977 ⁰

192 1063 274 1111 re,
305 1048 630 1112 voluntate,
660 1048 716 1103 in
749 1063 934 1118 eoque
974 1047 1327 1104 matrimonii
1362 1049 1652 1101 substantia
1687 1045 1957 1102 consistit
1990 1045 2081 1118 (l).
2122 1047 2431 1117 Uti-ivsqve,-

194 1141 460 1192 ceterum
501 1137 932 1192 matrimonium
964 1137 1263 1207 perficitur
1294 1136 1467 1191 unius
1496 1135 1939 1205 pollicitatione,
1971 1138 2030 1192 et
2066 1132 2316 1191 alterius
2339 1149 2435 1192 ac·
2489 1174 2493 1179 -

192 1226 545 1296 ceptatione,
575 1229 715 1295 quin
753 1226 874 1282 ulla
902 1225 1349 1295 repromissione
1390 1240 1534 1295 opus
1573 1224 1670 1279 sit:
1705 1240 1897 1295 neque
1932 1224 2089 1280 enim
2126 1226 2315 1294 potest
2342 1222 2436 1280 vir
2496 1263 2498 1266 ψ

193 1331 343 1383 esse,
378 1316 488 1371 nisi
520 1317 596 1371 sit
632 1332 799 1379 uxor;
829 1332 1022 1386 neque
1051 1332 1216 1383 uxor,
1246 1316 1356 1371 nisi
1388 1316 1465 1370 sit
1493 1316 1583 1370 vir
1613 1315 1703 1387 (2).
1729 1317 1799 1370 Et
1829 1315 1968 1386 quia
1999 1315 2461 1397 matrimonium

196 1408 542 1475 perpetuum
584 1410 692 1470 est,
736 1405 784 1461 si
829 1407 928 1460 uni
971 1421 1170 1461 eorum
1221 1405 1577 1476 propositum
1618 1406 1717 1467 sit,
1759 1405 1905 1460 illud
1942 1406 2014 1459 ad
2058 1413 2257 1475 tempus
2301 1418 2437 1460 con·

191 1496 446 1558 trahere,
489 1495 634 1549 nihil
677 1496 791 1554 erit
830 1499 1026 1549 actum
1059 1494 1151 1567 (3).
1195 1497 1354 1562 Vera;
1384 1510 1516 1549 nam
1559 1495 1607 1549 si
1647 1494 1802 1550 alter
1841 1494 2118 1550 simulate
2146 1497 2309 1564 agat,
2336 1494 2435 1551 vel

182 1586 334 1660 joce,
366 1585 796 1639 matrimonium
837 1587 1105 1639 constare
1149 1599 1266 1638 non
1308 1584 1524 1654 poterit
1563 1582 1633 1655 (11
1673 1585 1709 1652 ἓ
1748 1583 1898 1655 412).
1927 1584 2099 1655 Super
2136 1585 2310 1638 eadem
2348 1600 2436 1651 re,-

196 1690 405 1745 nempe
449 1690 625 1745 super
656 1676 789 1744 jure
833 1674 1099 1738 coeundi,
1142 1689 1272 1744 qu0,
1301 1674 1456 1728 ultro
1499 1673 1763 1744 citroque
1802 1674 2104 1741 tradendO,
2144 1672 2438 1729 matrimo-

199 1765 360 1819 nium
404 1765 794 1818 contrahitur:
826 1765 1099 1833 quocirca
1132 1764 1179 1818 si
1211 1763 1364 1819 desit
1391 1764 1537 1818 haec
1566 1765 1772 1818 mutua
1799 1762 2058 1829 traditi0,
2085 1763 2298 1819 saltem
2332 1762 2437 1818 im·

199 1854 420 1923 plicita,
452 1853 883 1908 matrimonium
913 1868 987 1907 ne
1031 1853 1287 1922 intelligi
1331 1853 1566 1923 quidem
1609 1866 1775 1922 posse
1818 1851 2017 1908 verius
2046 1854 2136 1908 est
2162 1850 2256 1924 (4).
2284 1852 2437 1932 Illud

203 2047 324 2106 quia
356 2047 450 2091 hoc
483 2045 907 2105 impedimentum
948 2035 1111 2104 poeffa
1152 2045 1266 2105 qui-

198 2117 329 2171 dem,
365 2116 453 2162 sed
483 2128 626 2173 pura
652 2118 730 2161 est
753 2114 1038 2171 (Haunold.,
1061 2128 1107 2160 n.
1139 2115 1270 2175 llO);

206 2186 307 2241 alii,
325 2190 515 2241 contra,
537 2187 658 2246 quia
679 2188 759 2231 est
780 2186 1111 2232 medicinalis
1134 2186 1273 2244 (Spo-

1370 2043 1748 2091 matrimonium
1769 2043 1992 2103 graviter
2014 2042 2251 2091 illicitum
2274 2039 2438 2104 foret),

1370 2115 1464 2162 hoc
1496 2128 1559 2160 ne
1592 2114 1810 2173 intelligi
1843 2115 2049 2174 quidem
2081 2118 2266 2176 potest.

1429 2186 1459 2230 2
1483 2185 1682 2242 sancii„
1703 2184 1739 2237 Ι,
1765 2185 1821 2240 V,
1843 2186 1898 2242 6;
1923 2185 2084 2243 Pont.,
2104 2184 2167 2242 11,
2193 2186 2264 2240 16,
2284 2189 2328 2232 7.

207 2270 298 2311 rer,
334 2259 376 2303 Ιι.
412 2261 463 2312 t.,
497 2270 544 2302 n.
579 2259 681 2313 44);
716 2256 848 2315 quod
883 2260 933 2301 et
964 2255 1108 2301 Suar.
1132 2259 1272 2302 tenet

211 2330 287 2376 De
318 2330 500 2386 Leqib„
536 2327 593 2382 V,
634 2328 701 2386 19,
740 2328 805 2382 10,
839 2328 924 2387 qui
958 2327 1084 2372 alias
1113 2326 1270 2379 docet,

214 2412 400 2459 poenas
433 2398 761 2445 medicinales
793 2399 843 2443 in
877 2412 933 2444 eo
967 2398 1027 2443 ab
1050 2398 1165 2443 aliis
1187 2397 1268 2444 di-

201 2473 358 2524 stare,
389 2470 522 2529 quod
558 2471 845 2529 ignorantia
879 2483 1065 2528 poenae
1105 2468 1167 2514 ab
1198 2470 1271 2514 eis

212 2541 391 2586 eximit
410 2542 505 2594 (De
523 2542 751 2594 Censur„
764 2542 837 2594 49,
853 2541 896 2596 9)
911 2544 943 2594 l,
963 2539 1047 2585 alii
1068 2538 1269 2585 demum

207 2612 332 2671 quia
382 2611 498 2670 plus
548 2610 888 2656 inhabilitatis
922 2609 1085 2662 habet,
1119 2622 1272 2669 quarn

217 2695 406 2741 poenae
427 2681 501 2730 (V.
514 2681 673 2734 Dian.,
688 2681 769 2726 Το.
784 2680 845 2734 11,
861 2680 938 2726 Tr.
951 2680 1031 2736 VI,
1046 2681 1159 2726 Res.
1174 2681 1270 2734 170,

214 2753 275 2810 3).
293 2753 436 2810 Quod
461 2753 682 2812 quidem,
700 2754 744 2797 si
770 2765 942 2797 verum
967 2755 1115 2805 esset,
1138 2764 1273 2810 sper-

202 2824 423 2869 nendum
457 2837 557 2869 non
589 2824 730 2869 foret.

262 2895 320 2939 36
348 2893 399 2938 C.
430 2894 468 2946 1,
493 2895 566 2941 De
593 2895 826 2940 Convers.
854 2893 1045 2951 infidel.

269 2964 326 3010 37
346 2965 544 3020 Sanch.,
562 2964 670 3022 VII,
688 2965 761 3018 79,
782 2965 852 3009 43.
870 2963 1040 3010 Veluti
1059 2966 1101 3010 si
1121 2965 1206 3024 Caj
1217 2977 1274 3009 us

213 3042 263 3082 et
297 3037 408 3095 Seja
445 3035 608 3082 adhuc
636 3035 865 3080 infideles
894 3035 1142 3080 adulterio
1163 3048 1274 3080 sese

210 3106 496 3165 polluerint,
513 3111 562 3151 et
580 3110 771 3165 postea,
788 3106 944 3151 altero
964 3106 1040 3151 vel
1062 3111 1273 3164 utroque

215 3177 481 3237 baptizato,
520 3182 750 3222 mutuam
800 3177 897 3222 sibi
940 3176 1170 3222 dederint
1212 3175 1273 3221 de

215 3250 551 3298 matrimonio.
586 3255 699 3307 post
730 3250 1002 3307 conjugum
1046 3250 1271 3301 mortem,

213 3317 429 3365 ineundo
461 3318 625 3363 fidem.

269 3391 329 3435 38
351 3390 544 3442 Sanch.‚
569 3389 674 3443 VII,
696 3390 768 3445 79,
793 3391 861 3435 42.

275 3463 289 3503 l
330 3459 381 3507 C.
419 3460 492 3517 26,
515 3463 589 3507 De
617 3461 906 3517 sponsalib.
939 3458 1270 3516 Quamobrem

203 3534 247 3577 si
269 3532 355 3578 ubi
375 3533 753 3577 matrimonium
773 3531 936 3577 valide
957 3529 1273 3576 contrahitur

207 3606 316 3650 sine
340 3605 557 3664 parocho
591 3609 640 3651 et
673 3604 903 3658 testibus,
927 3605 1100 3663 sponsi
1124 3601 1271 3648 civile

209 3677 584 3722 matrimonium
620 3676 933 3730 contrahant,
969 3683 1018 3721 et
1050 3677 1175 3722 alter
1209 3688 1270 3720 ex

201 3749 277 3793 eis
314 3749 546 3793 intendat
579 3748 778 3794 civilem
814 3749 1082 3794 dumtaxat
1113 3748 1270 3792 ritum

203 3832 438 3879 peragere
453 3820 606 3881 (quod
625 3825 672 3865 et
689 3821 1131 3880 praesumendum,
1153 3819 1272 3877 quia

1432 2256 1460 2301 3
1483 2256 1679 2311 Saneh.,
1714 2255 1776 2310 11,
1797 2257 1870 2315 29,
1899 2258 1964 2302 ll.
1994 2256 2214 2312 Scilicet,
2247 2269 2309 2303 ex
2343 2255 2432 2304 de·

1370 2327 1506 2374 fectu
1523 2328 1778 2387 legitimae
1791 2327 2071 2374 voluntatis
2085 2343 2096 2380 ς
2114 2326 2324 2388 ideoque
2337 2326 2437 2374 etsi
2455 2371 2461 2376 Δ
2542 2327 2595 2359 >7³³

1371 2412 1480 2445 eam
1516 2399 1743 2445 exterius
1776 2412 1874 2444 non
1909 2397 2189 2458 prodiderit
2213 2397 2437 2456 (Sanch.,

1369 2470 1401 2516 l.
1437 2474 1511 2518 c.).

1430 2543 1459 2585 4
1480 2540 1538 2585 D.
1564 2540 1668 2599 Th,
1687 2539 1740 2586 in
1758 2538 1840 2595 IV,
1859 2540 1989 2586 Dist.
2006 2540 2076 2594 28,
2102 2552 2150 2600 q.
2165 2552 2250 2585 un.
2271 2541 2365 2587 art.
2385 2541 2438 2592 43
2476 2582 2477 2585 ,

1373 2611 1568 2665 Sanch.‚
1597 2610 1656 2664 V,
1686 2611 1752 2666 10,
1775 2610 1815 2655 2.
1838 2610 1907 2656 Ut
1929 2623 2041 2656 ecce
2074 2611 2119 2656 si
2143 2609 2438 2656 convenerit
2495 2628 2499 2635 .

1373 2681 1599 2727 debitum
1623 2694 1722 2726 non
1746 2684 1914 2740 petere
1941 2679 2015 2736 (D.
2040 2681 2144 2739 Th„
2168 2681 2199 2726 l.
2221 2693 2264 2730 c.
2287 2680 2351 2727 ad
2373 2681 2437 2738 3),
2476 2689 2486 2708 ‘

1373 2756 1464 2800 aut
1485 2752 1529 2798 si
1555 2751 1734 2798 mulier
1755 2750 1852 2797 sub
1875 2751 1984 2805 hac,
2011 2752 2090 2797 vel
2124 2753 2299 2806 tacita,
2322 2765 2440 2799 con·
2470 2774 2479 2785 ·

1375 2824 1589 2869 ditione:
1622 2825 1774 2868 salva
1799 2824 2121 2883 virqinitate,
2152 2823 2440 2870 consentiat

1375 2893 1444 2950 (S.
1480 2894 1534 2940 C.
1570 2893 1637 2949 C.‚
1670 2894 1699 2937 8
1730 2892 1830 2938 Jul.
1872 2893 2000 2950 1724,
2033 2906 2110 2952 ap.
2153 2892 2273 2939 Ben.
2306 2891 2438 2951 XIV,

1374 2968 1449 3013 De
1486 2966 1617 3023 Sym,
1661 2964 1791 3019 XIII,
1826 2966 1899 3019 22,
1936 2965 2022 3020 10;
2054 2965 2111 3010 D.
2147 2963 2284 3020 Tho„
2316 2964 2350 3012 l.
2381 2977 2440 3024 c.,

1375 3037 1431 3083 D.
1452 3037 1526 3091 30,
1543 3049 1588 3095 q.
1608 3037 1651 3097 2,
1675 3041 1765 3082 art.
1792 3038 1826 3091 1,
1851 3036 1948 3082 Sol.
1970 3036 2000 3079 2
2023 3036 2084 3081 ad
2102 3035 2144 3080 2.
2162 3034 2217 3082 V.
2238 3033 2440 3091 Sanch„

1376 3107 1478 3154 DD.
1498 3109 1563 3162 10,
1586 3108 1670 3164 13).
1686 3107 1922 3166 Quidam,
1938 3107 2056 3152 etin
2074 3106 2251 3166 primis
2268 3118 2331 3151 ex
2347 3105 2438 3153 ho·

1375 3179 1579 3233 diernis,
1598 3182 1772 3225 contra
1791 3179 1988 3237 putant.
2006 3177 2065 3237 Α]
2075 3179 2178 3231 unt,
2197 3175 2336 3223 aliud
2361 3180 2440 3223 eet

1374 3250 1672 3302 dominium,
1706 3247 1845 3293 aliud
1884 3259 2011 3293 usus
2054 3247 2136 3292 sui
2182 3245 2433 3306 corporis3

1376 3319 1774 3372 matrimonium,
1792 3320 1985 3364 retento
2003 3317 2224 3364 dominio
2238 3317 2319 3363 sui
2333 3329 2433 3365 cor·

1373 3391 1526 3449 poris,
1542 3389 1770 3435 contrahi
1789 3402 1887 3435 non
1907 3390 2094 3448 potest3
2116 3389 2311 3433 retento
2332 3398 2434 3432 usu

1373 3464 1540 3519 potest
1561 3484 1579 3495 -
1602 3461 1655 3506 R.
1675 3458 1813 3517 Nego
1834 3471 2064 3518 prorsus,
2088 3458 2208 3518 quia
2223 3469 2310 3514 per
2329 3467 2431 3503 ma·

1373 3532 1684 3585 trimonium,
1703 3543 1804 3576 non
1824 3541 2007 3586 corpus
2030 3527 2239 3574 alterius
2264 3525 2435 3588 acqui·

1373 3604 1515 3656 ritur,
1539 3601 1673 3662 quod
1698 3603 1834 3647 esset
1855 3599 2135 3645 dominium
2160 3596 2431 3656 acquirere,

1373 3674 1452 3720 sed
1466 3676 1562 3728 jus
1583 3674 1691 3732 ejus
1713 3672 1906 3717 utendi.
1926 3670 1992 3715 Et
2008 3668 2130 3715 licet
2149 3664 2432 3713 dominium

1373 3744 1733 3803 acquireretur,
1750 3739 1969 3787 conditio
1991 3742 2126 3784 esset
2149 3739 2323 3783 contra
2345 3748 2436 3782 na·

1371 3819 1540 3861 turam
1573 3818 1718 3860 actus
1749 3812 1826 3872 (V.
1859 3809 1921 3868 11,
1954 3807 2078 3868 412),
2112 3806 2234 3867 quia
2264 3804 2436 3851 domi·
