2632 4094
173 121 267 176 122
630 138 769 177 tiana
807 139 856 178 n.
890 151 914 171 ν
946 140 1119 179 saner.
1156 140 1203 178 n.
1242 142 1308 180 na
1341 141 1537 180 assumo
1574 139 1944 182 mctssusrico
2479 175 2482 178 .
2532 190 2539 198 ¹
2605 198 2616 210 ·

161 223 323 278 tandi
354 223 450 294 qni
483 238 557 277 ex
584 226 763 291 aliqua
802 226 1103 279 rationabili
1137 239 1318 279 causa
1357 238 1531 281 mane
1562 225 1822 295 jentant,
1851 227 1914 281 et
1952 225 2184 296 vesperi
2213 238 2398 296 prau-
2494 264 2499 269 -
2526 253 2530 260 ·

162 314 302 367 dent
330 310 460 381 (24).
490 312 600 367 Sed
641 317 701 367 et
745 312 800 367 lii
843 314 940 384 qui
985 314 1165 368 citius
1206 315 1537 376 comedunt,
1570 312 1740 370 hodie
1761 313 2065 384 Jejuniunr
2085 329 2200 370 non
2233 312 2399 370 fran-

161 417 305 471 gere
336 401 452 472 (25)
501 402 860 456 communior
895 398 1012 476 (26)
1057 408 1118 459 et
1157 405 1321 459 certe
1366 402 1681 473 probabilis
1708 401 1824 475 (27)
1850 404 2152 462 sententia
2184 406 2295 462 est.

240 493 359 547 134.
402 491 678 555 Quamvis
716 493 919 547 autem
959 492 1294 548 substantia
1324 492 1539 562 jejunii
1585 492 1869 548 consistat
1910 509 1985 549 ex
2026 494 2204 551 unica
2245 494 2394 552 refe·

161 581 372 645 ctione,
403 581 782 637 nihilominus
824 581 962 637 licet
1004 582 1190 645 hodie,
1222 597 1296 636 ex
1337 581 1763 636 consuetudine
1807 582 1927 639 sere
1970 584 2186 655 ubique
2216 583 2396 640 intro-

160 673 353 732 ducta.
377 686 608 726 sumere
638 675 697 727 et
719 689 868 725 mane
899 671 1191 741 potionem
1216 685 1292 725 ex
1318 670 1617 726 chocolate
1644 671 1719 726 ad
1750 670 1937 726 instar
1964 673 2182 728 densae
2213 673 2398 744 pultis

161 763 298 817 dum
339 776 413 815 ne
455 761 906 832 sesquiunciam‚
950 765 1010 816 et
1049 760 1222 815 simul
1265 775 1396 814 cum
1431 774 1687 823 saccaro,
1718 760 1810 816 vel
1822 759 2080 833 frustulo
2102 765 2256 833 panis
2281 761 2397 837 (28)

162 853 308 907 duas
336 850 537 906 uncias
565 850 811 906 excedat
843 851 976 919 (29);
1008 853 1067 904 et
1089 866 1199 903 sero
1229 849 1708 904 cenatiunculam
1739 865 1987 906 sumere.
2018 851 2161 915 Quid
2181 855 2400 917 autem,
2475 867 2480 874 ’

159 947 487 1011 quamtumve
528 940 584 995 in
629 941 735 995 bac
777 954 1007 995 sumere
1039 939 1237 1000 liceat.
1270 954 1344 993 ex
1373 939 1800 995 consuetudine
1829 940 2115 1012 cujusque
2143 941 2404 1012 regionis

162 1030 477 1100 petendum
507 1032 621 1085 est:
651 1030 805 1099 apud
836 1043 940 1084 nos
971 1029 1114 1084 licet
1141 1031 1312 1082 cuivis
1340 1043 1570 1083 sumere
1600 1029 1694 1084 vel
1725 1033 1859 1083 octo
1891 1029 2093 1085 uncias
2121 1030 2235 1086 cibi
2257 1028 2402 1105 (30);

161 1124 222 1177 et
249 1121 462 1192 quibus
489 1120 635 1174 cibis
665 1119 720 1173 in
754 1118 1015 1189 prandi0,
1044 1118 1136 1173 his
1164 1121 1224 1173 et
1257 1118 1313 1171 in
1352 1117 1818 1173 collantiuncula
1852 1119 1991 1174 licet
2019 1120 2103 1175 uti
2130 1117 2267 1192 (31);
2298 1135 2400 1177 ex·
2492 1159 2494 1163 «

161 1211 347 1281 ceptis
376 1225 572 1273 carne,
602 1209 691 1264 his
720 1223 870 1279 quae
890 1224 927 1263 a
949 1223 1127 1263 carne
1153 1209 1397 1262 trahunt
1420 1207 1709 1277 originem
1732 1208 1846 1279 (32)
1868 1210 1927 1264 et
1954 1209 2224 1278 piscibus,
2246 1210 2407 1266 ultra

161 1302 307 1357 duas
335 1303 531 1355 tresve
561 1299 782 1361 uncias,
813 1298 1152 1354 recentibus
1183 1299 1245 1351 et
1275 1297 1690 1365 grandioribus
1711 1297 1843 1368 (33).
1884 1298 2177 1355 Sumenda
2203 1303 2403 1356 autem
2466 1311 2480 1331 '⁴

161 1394 253 1447 est
291 1405 422 1445 sero
463 1389 557 1445 vel
599 1391 792 1450 noctu,
835 1403 947 1442 non
990 1400 1162 1440 mane
1203 1388 1309 1440 aut
1348 1386 1622 1451 meridie;
1662 1388 1767 1443 sed
1810 1389 1915 1442 hoc
1957 1391 2048 1444 est
2090 1389 2221 1445 leve
2248 1382 2377 1461 (34).
2470 1406 2472 1410 ¹

220 1599 279 1643 24
310 1597 358 1644 S.
393 1598 599 1655 Poenit.,
638 1596 690 1641 10
721 1595 832 1641 Jan.
870 1594 999 1640 1834.

218 1670 279 1715 25
309 1669 362 1717 C.
396 1669 471 1727 50,
508 1671 575 1715 De
612 1667 754 1713 Cous.
790 1665 846 1711 D.
886 1668 923 1711 1.

220 1742 279 1787 26
311 1740 370 1788 V.
395 1739 444 1787 S.
469 1739 634 1798 Alph.,
657 1738 744 1791 ΙΙΙ,
773 1738 899 1782 1016.
929 1737 1023 1793 Qui
1051 1735 1112 1783 ab
1135 1736 1229 1782 hac

160 1813 414 1859 sententia
427 1816 605 1872 postea
626 1810 834 1856 recessit
849 1808 930 1868 (H.
944 1811 1003 1855 A.
1016 1807 1123 1862 ΧΙΙ,
1135 1808 1228 1861 21).

221 1884 278 1927 27
299 1883 370 1931 cf.
396 1882 583 1941 Laym„
602 1881 646 1933 13
671 1880 843 1935 Salm„
866 1880 937 1934 23,
957 1880 1000 1934 2,
1020 1880 1094 1932 87,
1113 1881 1225 1934 etc.;

163 1955 353 2008 Grassi,
388 1953 551 1998 Tract.
580 1953 646 2006 15,
682 1953 803 2011 Cap.
834 1954 871 2005 l,
906 1963 951 2011 q.
987 1949 1070 2003 IV,
1097 1950 1154 1995 R.
1187 1950 1229 1994 3.

218 2025 277 2069 28
311 2025 360 2072 S.
385 2025 592 2077 Poenit.‚
615 2024 664 2068 21
696 2022 816 2069 Nov.
847 2022 985 2078 18453
1011 2020 1228 2075 Scavini,

221 2167 280 2211 29
312 2166 359 2213 S.
398 2165 562 2226 Alph.,
596 2165 683 2217 111,
721 2165 846 2209 1023.
887 2162 1015 2210 1025.
1054 2161 1228 2220 Quoad

161 2238 288 2284 alias
322 2239 553 2297 potiones
587 2235 831 2282 delicatas
855 2234 931 2280 vel
963 2233 1230 2280 medicina·

162 2309 250 2361 les,
285 2321 387 2368 qua
420 2312 596 2367 potum
634 2306 711 2351 vel
744 2305 1046 2351 medicinam
1083 2317 1227 2363 prae-

161 2382 303 2425 stant
338 2379 455 2423 licet
482 2392 539 2423 ea
573 2391 791 2428 sumere,
811 2389 912 2436 qua
935 2375 1107 2422 cibum
1132 2389 1231 2421 non

163 2450 299 2496 licet.
331 2450 457 2495 Item
495 2450 544 2495 in
580 2449 883 2501 electuariis,
924 2449 968 2493 si
1011 2447 1127 2508 quis
1174 2460 1232 2492 ea

161 2525 333 2568 sumat
376 2523 430 2565 in
471 2520 723 2578 fraudem
767 2521 891 2576 leyis
935 2521 991 2564 in
1035 2530 1233 2573 maana

161 2595 453 2651 quantitate
483 2590 563 2649 (D.
598 2590 703 2643 Th„
737 2589 780 2642 2,
816 2590 860 2646 2,
900 2591 997 2641 147,
1022 2590 1051 2633 6
1074 2588 1138 2634 ad
1160 2589 1234 2644 3)3

162 2662 311 2715 idest,
355 2666 502 2720 prout
548 2662 598 2706 in
649 2660 907 2707 cocliolate
954 2659 1025 2717 (S.
1062 2659 1228 2718 Alph.,

167 2733 297 2786 1023,
330 2747 373 2777 v.
414 2734 682 2788 Secunda).
707 2731 841 2776 ultra
874 2731 1003 2776 duas
1039 2731 1233 2777 uncias.

223 2804 282 2849 30
314 2803 363 2850 S.
398 2802 562 2863 Alph.,
595 2802 684 2856 111,
722 2802 849 2846 1025.
882 2801 1042 2848 Immo
1078 2805 1127 2847 et
1151 2800 1233 2847 de-

164 2889 287 2930 cem,
319 2878 369 2920 si
402 2875 595 2927 majori
638 2876 873 2931 indiyeac
915 2876 1233 2920 nutrimento

166 2947 230 2999 (S.
267 2946 414 3005 Alph.
456 2944 487 2990 l.
532 2949 606 2998 c.).
654 2945 786 3001 Quin
838 2945 1003 3000 multi,
1052 2946 1103 2990 in
1152 2944 1233 2989 his

168 3018 346 3063 Sanch.
397 3019 446 3062 et
496 3016 705 3062 Salmat.
740 3015 816 3072 (V.
851 3016 1018 3068 Croix,
1051 3014 1138 3074 111,
1172 3013 1233 3066 ΙΙ,

173 3088 306 3144 1300)
323 3090 509 3142 tenent,
532 3085 661 3132 duas
686 3087 863 3133 uncias
889 3099 985 3132 non
1011 3085 1234 3144 reputari

168 3171 432 3203 excessum
453 3171 626 3216 grave;
651 3170 741 3203 nec
760 3156 1009 3216 improbat
1023 3155 1068 3203 S.
1086 3155 1233 3214 Alph.

168 3229 199 3274 l.
225 3242 264 3274 c.
288 3229 383 3284 Qui
413 3231 670 3286 praeterea
692 3228 835 3274 docet
861 3228 1111 3287 jeJunium
1136 3239 1233 3271 non

166 3300 398 3358 frangere
454 3311 565 3343 sero
613 3299 956 3344 comedentem
1011 3298 1234 3357 quinque

168 3370 347 3415 uncias
395 3369 542 3427 panis
592 3382 724 3428 aqua
758 3369 948 3414 decocti
984 3370 1054 3425 (n.
1083 3367 1233 3423 1029).

168 3439 286 3485 Dixi
318 3441 484 3485 cuivis
522 3452 636 3484 nam
672 3443 721 3484 et
770 3439 850 3484 his
892 3439 1011 3485 licet
1044 3438 1230 3498 quibus

1302 1619 1306 1622 -
1333 1594 1443 1638 octo
1480 1594 1656 1639 unciae
1690 1593 1754 1640 ad
1779 1595 2067 1642 satietatem
2092 1602 2407 1657 exsuperant.

1331 1663 1401 1721 (S.
1428 1662 1577 1724 Alph.
1599 1663 1629 1710 1.
1654 1678 1696 1711 c.
1721 1664 1845 1711 Prol.
1871 1667 1969 1727 186,
1992 1668 2052 1713 35
2073 1669 2126 1714 in
2148 1667 2237 1726 fl.).
2256 1666 2402 1716 Dicta

1333 1738 1411 1780 est
1432 1737 1807 1783 cenatiuncula
1834 1738 1954 1797 quia
1987 1738 2248 1785 monachia
2283 1742 2401 1786 ante

1332 1809 1659 1855 collationem
1716 1807 2058 1868 (colloquium)
2122 1810 2399 1857 serotinam

1333 1878 1442 1923 dari
1478 1879 1659 1938 coepit.

1392 1948 1444 1993 31
1486 1947 1541 1994 V.
1575 1948 1623 1996 S.
1658 1949 1827 2010 Alph.,
1871 1950 1957 2000 ΙΙΙ,
2000 1950 2126 2006 1026,
2165 1950 2295 1999 1027.
2335 1950 2403 1999 Ut

1332 2034 1445 2066 ecce
1478 2020 1740 2080 pulmento
1773 2034 1835 2066 ex
1868 2020 2231 2081 leguminibus.
2271 2034 2403 2083 pane

1333 2091 1539 2138 decocto
1572 2104 1705 2152 aqua
1737 2097 1790 2137 et
1822 2092 1930 2138 oleo
1957 2092 2026 2151 (S.
2053 2092 2221 2153 Alph.,
2253 2092 2401 2150 1029).

1391 2163 1450 2207 32
1463 2162 1617 2210 Clem.
1636 2162 1771 2217 XIII,
1785 2162 2139 2220 C.Appetence.
2155 2163 2403 2220 Quamvis

1332 2246 1395 2279 ex
1429 2234 1682 2280 communi
1708 2234 1910 2280 indulto
1934 2234 2087 2280 liceat
2114 2235 2166 2281 in
2190 2233 2404 2295 prandio

1333 2304 1469 2349 vesci
1483 2317 1631 2350 carne
1646 2305 1741 2360 (Ex
1759 2305 1877 2351 Ben.
1891 2304 2020 2360 XIV,
2039 2306 2201 2366 Epist.
2220 2305 2405 2354 losum.

1340 2375 1453 2420 1745
1473 2375 1537 2421 ad
1564 2375 1626 2433 2).
1661 2375 1858 2433 Quibus
1893 2381 2060 2423 autem
2095 2390 2156 2423 ex
2191 2376 2400 2438 speciali
2469 2389 2473 2392 ’

1333 2445 1533 2493 indulto
1549 2446 1664 2492 licet
1680 2448 1752 2492 uti
1771 2446 1832 2492 ad
1847 2447 2183 2494 condiendum
2202 2440 2407 2504 butyro,
2493 2487 2497 2492 .

1334 2517 1495 2578 adipe,
1508 2517 1683 2571 larido,
1703 2522 1813 2572 etc.‚
1826 2522 2065 2578 poterunt
2079 2532 2136 2564 eo
2154 2519 2229 2564 uti
2245 2518 2400 2566 etiam

1334 2589 1386 2634 in
1406 2588 1629 2640 caenula,
1654 2588 1750 2635 etsi
1766 2589 1998 2649 jejunent
2015 2587 2088 2649 (S.
2109 2588 2312 2643 Poenit„
2334 2592 2407 2638 De
2486 2573 2494 2599 ²

1333 2660 1507 2705 Mand.
1543 2658 1691 2705 Leon.
1717 2658 1823 2713 XII,
1857 2660 1907 2703 16
1931 2659 2041 2705 Jan.
2072 2658 2207 2715 18:343
2240 2658 2411 2720 Righ,
2488 2712 2490 2725 Σ

1335 2729 1465 2776 Lett.
1501 2730 1545 2783 2,
1578 2728 1611 2790 ξ
1645 2729 1750 2776 Xl.

1395 2800 1454 2846 33
1491 2801 1691 2846 Milante
1726 2802 1777 2846 in
1805 2799 1949 2847 Alex.
1976 2800 2079 2854 VII,
2109 2800 2287 2848 Exere.
2322 2800 2405 2857 23;
2483 2792 2491 2801 ⁴

1336 2872 1385 2918 S.
1416 2871 1586 2932 Alph.,
1624 2871 1752 2917 1028.
1796 2871 1922 2917 Nam
1971 2872 2273 2925 exsiccatos,
2317 2875 2412 2920 aut

1337 2956 1518 3002 parvos
1554 2941 1791 2988 adhibere
1825 2943 1941 2988 licet
1977 2941 2045 2998 (S.
2078 2942 2227 3003 Alph.
2260 2941 2294 2990 1.
2325 2943 2403 3003 c.).

1335 3013 1554 3067 Alicubi,
1571 3018 1627 3058 ut
1647 3013 1697 3059 in
1716 3012 2002 3067 Germania,
2025 3027 2124 3059 non
2140 3012 2405 3073 quaeritur

1336 3083 1397 3129 de
1428 3084 1675 3142 qualitate
1712 3083 1952 3137 ciborum,
1989 3082 2078 3130 sed
2111 3083 2172 3130 de
2204 3083 2411 3143 quanti·

1330 3157 1437 3200 tate
1472 3155 1760 3200 dumtaxat.

1394 3227 1451 3270 34
1484 3226 1533 3273 S.
1567 3226 1730 3284 Alph.,
1764 3226 1852 3279 111,
1893 3226 2020 3273 1024.
2053 3226 2118 3271 Et
2158 3238 2220 3271 ex
2260 3225 2410 3285 Justa

1334 3311 1490 3343 causa
1525 3310 1669 3342 mane
1703 3297 2135 3348 collatiunculam,
2160 3308 2274 3342 sero
2307 3308 2402 3356 po·

1333 3368 1525 3413 tionem
1560 3381 1773 3422 sumere,
1808 3381 1871 3414 ne
1904 3367 2012 3414 leve
2047 3365 2268 3427 quidem.
