2632 4094
180 123 283 179 ‘238
523 141 662 179 unm
701 142 761 178 ιιι.
801 153 823 164 -
858 140 1028 179 rme-r.
1065 139 1115 177 ιι.
1151 141 1217 179 οε
1250 139 1590 179 sincium-:nris
1625 139 2085 186 οιιιιιιιοτκιιιετιαιε

186 228 250 280 nt
294 227 615 295 baptismus
654 229 716 280 et
756 223 1122 279 confirmatio
1154 222 1350 278 valida
1391 222 1609 278 suerint
1634 220 1743 295 (7):
1776 223 1885 279 hac
1913 238 1977 281 re
2004 225 2284 295 ⁰⁰g¹¹atio
2313 239 2428 282 non
2527 206 2533 209 ,

183 315 569 377 contrahitur,
602 314 828 367 infante
874 313 1032 381 prius
1073 312 1383 383 baptizato,
1413 327 1591 382 quum
1623 311 2115 370 solemnitatesin
2158 314 2427 371 Ecclesia

184 403 531 472 supplentur
560 403 652 474 (8).
714 403 823 458 Sed
870 417 981 456 non
1024 403 1291 457 omnibns
1346 403 1522 457 datur
1571 404 1676 456 boc
1738 417 1982 459 munere
2042 419 2150 461 seu
2209 404 2431 467 valide,

183 507 288 547 seu
334 492 493 547 licite
536 492 720 561 fungi.

259 582 384 635 286.
421 582 711 652 Principio
742 582 1005 651 patrinus
1039 584 1131 636 est
1172 582 1335 651 quasi
1381 585 1536 635 tutor
1579 581 1635 635 in
1677 581 2083 651 spiritualibus
2124 583 2428 655 baptizati,

184 671 277 725 vel
322 670 664 734 confirmati,
708 673 769 725 et
810 686 940 725 cum
979 685 1049 725 eo
1090 670 1455 740 spiritualem
1484 670 1894 739 cognationem
1923 673 2246 728 contrahit:
2297 674 2429 729 ideo
2491 660 2494 666 ’

186 761 292 814 hoc
335 775 578 816 munere
618 762 787 814 valide
829 761 995 828 fungi
1039 763 1359 830 nequeunt,
1396 761 1445 813 1⁰
1474 761 1571 830 qui
1618 775 1730 814 non
1785 762 1924 815 sunt
1971 765 2263 832 compotes
2310 763 2424 827 sui,

183 850 351 905 velut
393 850 649 906 infantes
676 849 787 921 (9);
840 866 951 904 non
997 849 1269 919 baptizati
1312 847 1442 919 (10),
1473 853 1534 903 et
1575 849 1632 904 in
1675 850 2114 907 confirmatione
2148 867 2263 906 non
2292 866 2427 907 con·
2469 879 2473 886 ·

184 940 418 1001 firmati,
441 941 591 1010 quod
621 940 721 994 vix
755 955 869 994 non
913 939 1137 994 definiti
1161 939 1315 1006 juris
1349 944 1437 992 est
1463 937 1595 1009 (ll).
1637 939 1756 993 Nec
1785 940 1920 993 licito
1948 939 2004 994 hi
2046 939 2144 1011 qui
2182 940 2278 996 vel
2321 955 2428 996 su-

183 1032 386 1099 scepto
414 1029 604 1083 officio
643 1030 884 1099 defungi
930 1029 1260 1099 nequirent,
1302 1043 1409 1082 ceu
1453 1029 1596 1082 muti
1639 1028 1769 1099 (12),
1805 1028 2115 1098 regulares
2148 1029 2287 1100 (13);
2329 1029 2428 1085 vel

184 1133 256 1174 eo
297 1122 434 1173 sunt
476 1118 723 1187 indigni,
765 1123 935 1188 prout
977 1117 1282 1179 haeretici,
1326 1118 1639 1181 criminosi,
1682 1117 1928 1173 infames
1978 1121 2090 1173 etc.
2134 1119 2274 1189 (14);
2317 1132 2429 1175 nec

184 1209 415 1263 demum
460 1210 752 1278 parentes,
796 1210 865 1262 ob
907 1208 1303 1263 reverentiam
1344 1206 1700 1262 matrimonii
1730 1206 1856 1278 (15).
1890 1207 2053 1270 Quae
2083 1207 2140 1262 in
2173 1208 2282 1262 bac
2310 1222 2432 1264 ma·

185 1301 339 1354 teria
380 1301 530 1355 scire
572 1300 807 1355 maximi
852 1300 1052 1362 refert,
1083 1314 1155 1356 ea
1195 1303 1348 1363 sunt,
1392 1315 1542 1371 quae
1585 1300 1883 1370 pertinent
1911 1300 1986 1354 ad
2018 1300 2469 1369 cognationem

185 1389 578 1457 spiritualem:
621 1390 693 1444 de
736 1390 846 1443 bac
889 1403 1165 1458 quorsum
1208 1392 1426 1459 pateat,
1471 1389 1566 1444 ubi
1609 1390 2014 1445 Tridentinum
2056 1390 2242 1459 viget,
2281 1390 2489 1447 alias*-

184 1479 301 1532 dixi
332 1480 461 1547 (16).
491 1479 634 1533 Heic
661 1478 779 1532 alia
818 1478 1156 1548 quaerenda
1183 1481 1337 1533 sunt.

258 1570 383 1622 ⁶287.
431 1566 506 1621 Et
545 1568 598 1621 1⁰
626 1583 702 1622 an
745 1568 1010 1636 patrinus
1063 1582 1178 1621 non
1235 1568 1585 1637 designatus
1633 1569 2044 1638 cognationem
2096 1569 2429 1634 contrahat,

183 1657 239 1709 2ο
260 1673 333 1711 an
367 1673 495 1712 eam
521 1658 875 1711 contrahant
898 1657 994 1727 qui
1021 1657 1171 1712 forte
1193 1656 1440 1712 adhibiti
1466 1658 1687 1713 fuerint
1715 1658 1872 1713 ultra
1902 1674 2208 1715 numerum
2230 1658 2428 1729 legiti-

242 1899 269 1939 7
304 1895 359 1939 V.
384 1895 547 1941 Sanch
568 1927 580 1948 ‚
607 1895 670 1939 M.
698 1894 801 1945 vll,
826 1895 899 1949 62,
923 1896 965 1948 5,
991 1899 1083 1940 etc.
1118 1895 1183 1940 Et
1210 1894 1254 1939 si

188 1967 488 2026 baptismus.
510 1968 632 2025 quia
665 1965 725 2010 de
758 1966 909 2024 priori
946 1979 1044 2011 non
1068 1965 1251 2025 impro-

187 2037 419 2083 babiliter
453 2036 730 2092 dubitat-ur,
766 2036 930 2081 denuo
969 2034 1257 2082 conferatur

185 2108 282 2153 alio
316 2108 515 2168 patrino
549 2107 787 2159 adhibito,
815 2106 968 2152 dubia
994 2106 1089 2151 erit
1122 2106 1255 2151 utri·

201 2192 363 2239 usqne
395 2179 627 2237 cognatio
666 2178 738 2234 (V.
764 2178 811 2223 S.
842 2177 1008 2237 Alph.,
1030 2176 1112 2230 VI,
1143 2178 1257 2230 151),

250 2251 277 2293 8
311 2249 357 2296 S.
389 2249 443 2296 C.
475 2249 529 2297 C.
559 2251 613 2294 13
644 2249 745 2295 Jul.
787 2249 914 2306 1624,
941 2262 1018 2307 ap.
1047 2249 1258 2304 Feri-ar„

187 2334 238 2366 n.
256 2320 335 2373 22;
353 2320 547 2373 Sanch.,
567 2320 631 2366 M.
650 2320 755 2371 vll.
775 2321 855 2375 6⁸23
874 2319 929 2363 V.
951 2318 1077 2364 Prol.
1094 2319 1167 2371 66,
1184 2318 1259 2364 26.

246 2394 273 2435 9
294 2390 339 2436 S.
359 2390 607 2450 Alpb.‚VI,
626 2392 723 2436 146.
741 2391 838 2435 Rit.
856 2390 1010 2444 Rom.‚
1026 2390 1099 2436 De
1117 2392 1259 2446 Bapt.

194 2465 294 2508 rite
326 2463 625 2507 administr.
649 2461 743 2506 Tit.
782 2462 854 2507 De
880 2461 1134 2513 Patrinis,
1160 2463 1187 2513 ἓ
1218 2460 1259 2513 3,

191 2535 243 2578 in
295 2533 550 2592 baptismo
591 2535 847 2590 puberes‚·
883 2536 931 2575 et
964 2531 1010 2576 S.
1044 2529 1103 2575 U.
1135 2529 1171 2574 I.
1207 2530 1258 2574 in

191 2602 554 2648 confirmandis
612 2616 712 2648 non
769 2604 987 2647 minores
1031 2614 1161 2645 anno
1191 2601 1255 2652 14,

190 2673 395 2719 lstrnct.
432 2674 490 2718 30
522 2674 640 2734 Maji
680 2674 791 2718 1888
824 2672 961 2718 edita
1001 2685 1088 2731 per
1120 2670 1167 2717 S.
1203 2671 1257 2718 C.

193 2743 294 2789 NN.
315 2745 409 2789 EE.
428 2745 525 2790 EF..
547 2746 771 2804 patrinos
802 2744 1108 2789 desiderant.
1124 2741 1256 2787 Illud

189 2829 285 2860 non
311 2817 602 2875 inquiritur,
626 2818 795 2860 utrum
824 2816 893 2859 sit
912 2815 1068 2873 maj0r
1095 2815 1258 2858 aetate

187 2900 246 2931 eo
299 2889 383 2946 qui
430 2885 719 2946 baptizatur
740 2918 751 2939 ,
803 2885 878 2929 vel
932 2885 1258 2931 confirmatur

187 2958 378 3016 (Saltu,
405 2958 449 3014 2,
474 2961 519 3014 7,
550 2957 643 3014 29).

256 3030 307 3072 10
341 3030 416 3074 Ex
450 3029 505 3076 C.
545 3029 639 3081 102,
674 3029 749 3075 De
788 3028 946 3082 Consu,
980 3026 1036 3071 D.
1073 3030 1115 3071 4.

258 3101 299 3142 ll
342 3099 418 3144 Ex
449 3099 549 3147 Cit.
573 3099 627 3146 C.
656 3099 751 3144 102.
774 3098 840 3143 Et
863 3097 910 3143 S.
925 3099 979 3146 C.
997 3098 1047 3145 C.
1074 3098 1126 3143 13
1143 3098 1257 3143 Jun.

196 3170 340 3222 1624;
372 3170 529 3218 Reiff..
561 3169 642 3223 IV,
677 3168 759 3222 XI,
795 3170 867 3215 27.
900 3170 963 3214 Et
996 3173 1074 3214 est
1105 3182 1259 3228 grave

199 3241 265 3296 (S.
301 3240 463 3299 Alph„
499 3239 583 3294 VI,
619 3241 713 3284 186.
749 3238 805 3285 V.
830 3239 1022 3293 Sanch.,
1055 3238 1120 3284 M.
1151 3238 1259 3294 VII,

193 3312 272 3366 60,
303 3311 389 3366 20;
423 3310 561 3355 Pont.
594 3311 673 3364 M„
706 3310 812 3363 vn,
844 3311 916 3363 40,
956 3311 1027 3369 2);
1079 3314 1132 3356 at
1172 3309 1258 3355 alii

192 3384 366 3443 plures
400 3386 572 3428 contra
606 3386 800 3441 putant.
832 3381 929 3428 Sed
953 3385 1260 3439 procurato·

189 3468 301 3501 rem
330 3453 681 3499 confirmatum
707 3466 803 3498 non
830 3467 940 3499 esse
964 3452 1092 3499 nihil
1117 3451 1260 3498 obest

199 3526 261 3579 (S.
281 3525 334 3572 C.
355 3525 422 3578 0.,
445 3523 504 3568 29
521 3523 664 3569 Mart.
692 3525 831 3576 1582;
857 3524 1064 3578 Ferrar.‚
1087 3535 1134 3569 n.
1155 3523 1254 3582 19):

191 3599 243 3640 et-
267 3596 381 3654 Jure
412 3607 621 3654 prorsus
653 3593 733 3652 (11,
758 3599 786 3647 ἓ
818 3595 921 3647 433,
952 3596 1020 3652 8).

257 3667 311 3710 12
343 3666 519 3719 Gobat,
552 3666 665 3718 5553
700 3663 862 3719 Croix‚
900 3664 979 3718 VI,
1015 3664 1051 3719 1,
1085 3666 1189 3711 355.

256 3737 310 3781 13
327 3738 380 3785 C.
406 3737 502 3789 103,
520 3735 579 3783 D.
596 3737 638 3781 4.
656 3734 764 3781 Nisi
786 3740 872 3781 aut
891 3736 990 3795 ipsi
1009 3735 1128 3783 facti
1147 3737 1254 3782 sint

1360 1894 1596 1953 Episcopi
1630 1893 1695 1951 (S.
1720 1894 1884 1955 Alph.,
1908 1895 1992 1955 VI,
2020 1898 2148 1956 156),
2170 1902 2260 1944 aut
2291 1912 2413 1947 con-

1360 1965 1643 2012 firmandus
1661 1967 1731 2012 sit
1750 1966 2029 2013 monachus
2039 1969 2227 2027 (Croix,
2243 1969 2368 2026 397).

1427 2038 1476 2081 14
1497 2036 1595 2082 Rit.
1618 2038 1772 2091 Rom„
1791 2040 1867 2085 De
1884 2040 2104 2093 Patria,
2123 2041 2150 2099 g
2171 2042 2215 2088 4.
2233 2039 2426 2103 Nempe

1361 2109 1499 2166 (quia
1515 2106 1653 2167 leges
1674 2108 1927 2155 Ecclesiae
1946 2123 2043 2156 non
2062 2110 2290 2171 obligant
2305 2123 2423 2158 cum

1363 2177 1677 2225 incommodo
1699 2179 1877 2238 gravi),
1898 2180 1942 2226 si
1962 2182 2202 2229 removeri
2224 2182 2426 2243 possint

1362 2250 1470 2293 sine
1490 2249 1630 2307 gravi
1652 2248 1837 2296 damno
1856 2250 1950 2306 (Ex
1972 2250 2022 2298 S.
2037 2252 2242 2307 Poenit„
2262 2253 2316 2298 10
2335 2252 2434 2300 De-

1361 2331 1484 2364 cem.
1516 2319 1638 2363 1860.
1667 2318 1721 2364 V.
1745 2318 1790 2364 S.
1819 2320 1981 2381 Alph..
2007 2321 2090 2376 VI,
2122 2321 2342 2377 156.1v>.

1430 2390 1484 2433 15
1509 2388 1583 2433 Ex
1609 2389 1659 2435 o,
1685 2390 1725 2448 2,
1745 2393 1820 2439 De
1841 2392 2488 2450 eoquat.spirct.13test·-
2552 2376 2558 2378 ’
2598 2369 2611 2387 '

1360 2472 1513 2519 grave
1546 2459 1674 2506 citra
1712 2463 2068 2508 necessitatem
2101 2464 2177 2512 (C.
2210 2465 2254 2518 7,
2289 2465 2425 2519 Cau„
2470 2499 2475 2506 .

1362 2534 1403 2585 3,
1425 2532 1478 2585 l).
1497 2529 1681 2577 Verum
1703 2535 1809 2577 toro
1827 2546 1925 2578 non
1951 2526 2280 2594 prohibentur
2299 2535 2371 2591 (C.
2387 2533 2433 2589 2,

1367 2604 1437 2648 De
1459 2604 1665 2659 Coynat.
1690 2603 1869 2659 Spirit.
1883 2621 1900 2659 ;
1919 2603 2180 2662 Croix,V1‚
2198 2605 2293 2661 1‚3,
2312 2605 2430 2663 158).
2471 2598 2473 2602 ”

1364 2671 1482 2717 Dixi
1506 2675 1854 2720 reverentiam
1890 2676 1999 2731 etc„
2020 2675 2143 2736 quia
2174 2689 2274 2722 non
2307 2689 2427 2737 pro-

1365 2742 1566 2788 hibetur
1593 2742 1720 2789 alter
1754 2743 1982 2799 alterius,
2004 2745 2083 2791 vel
2109 2758 2427 2792 communem
2461 2804 2469 2811 ι

1363 2812 1524 2858 filiurn
1552 2813 1820 2873 baptizare,
1836 2818 2020 2870 tenere,
2037 2820 2154 2876 post
2179 2816 2430 2863 matrimo-

1365 2885 1504 2929 nium
1539 2884 1765 2930 solutum
1812 2886 2023 2932 alterius
2057 2890 2215 2933 morte
2249 2885 2428 2947 (Lago,

1362 2956 1513 3011 Resp.
1525 2956 1728 3011 Moral„
1744 2955 1779 3014 Ι,
1793 2958 1835 3007 5,
1848 2958 1899 3011 5;
1919 2955 2110 3015 (Ξοδιιῒ.,
2125 2957 2289 3014 Groix,
2304 2955 2431 3015 357);

1363 3025 1441 3070 vel
1466 3029 1581 3071 ante
1598 3025 1725 3072 illud
1746 3027 1928 3073 initum
1946 3041 1957 3083 ;
1975 3029 2061 3073 sed
2081 3029 2126 3074 si
2146 3028 2431 3089 baptizave-

1363 3099 1443 3152 rit,
1467 3098 1700 3152 tenuerit,
1735 3101 2085 3159 cognationem
2121 3101 2433 3146 contrahunt

1362 3168 1603 3228 (Pugnan.
1639 3172 1689 3215 in
1724 3172 1807 3218 cit.
1840 3170 1895 3219 C.
1918 3173 1978 3229 2).

1423 3240 1636 3286 Demum
1661 3255 1760 3287 non
1785 3242 1932 3288 debet
1955 3241 2103 3298 idem,
2130 3244 2181 3288 in
2217 3234 2430 3303 utroque

1363 3315 1695 3368 sacramento,
1713 3312 1873 3359 eidem
1888 3314 2143 3372 patrinum
2158 3326 2324 3372 agei-03
2341 3312 2432 3359 sed

1364 3386 1440 3428 est
1465 3381 1572 3426 leve
1597 3383 1691 3437 (Ex
1716 3383 1763 3430 S.
1783 3382 1944 3443 Alph„
1974 3385 2069 3429 187.
2102 3383 2160 3428 V.
2194 3398 2241 3430 n.
2273 3383 2339 3439 3).

1431 3454 1481 3497 16
1515 3452 1642 3499 Prol.
1664 3457 1693 3507 ἕ
1714 3454 1789 3499 66.
1820 3455 1910 3500 Ubi
1944 3454 2240 3501 Tridentini
2263 3456 2435 3500 decre-

1366 3528 1475 3568 tum
1498 3525 1665 3570 locum
1690 3535 1795 3571 non
1818 3523 1984 3582 habet,
2007 3525 2178 3577 fideles
2200 3524 2429 3581 discipli-

1361 3606 1461 3639 nae
1483 3596 1538 3639 in
1562 3597 1672 3639 suis
1694 3597 1988 3651 reqionibus
2023 3596 2218 3652 viyenti
2238 3606 2292 3641 se
2312 3606 2429 3642 con-

1360 3665 1603 3721 forment.
1624 3664 1721 3713 Cit.
1745 3665 1894 3712 Instr.
1919 3665 1977 3711 30
2003 3665 2122 3725 Maji
2151 3665 2281 3712 1888.

2618 1652 2623 1659 ”
2616 1476 2632 1617 animun...
2623 1372 2632 1375 κ
2624 1331 2632 1335 ι
