2632 4094
242 129 335 185 194
924 147 1070 185 unsa
1106 147 1156 186 n.
1193 159 1217 172 ·
1247 146 1420 187 macr.
1458 146 1524 185 iv.
1560 146 1625 186 ns
1662 144 1792 187 voro

238 425 376 465 ecce
406 409 686 476 docend03
719 410 1032 479 pingendo,
1072 411 1410 481 sculpendo,
1443 409 1828 465 exscribendo
1846 407 1990 483 (67);
2032 409 2248 481 quippe
2287 405 2480 478 magis

238 501 461 564 officium
491 501 768 568 praestat.
793 499 913 555 Nec
945 500 1009 564 is,
1033 501 1080 554 si
1113 500 1250 570 quid
1279 500 1499 570 opinor,
1523 500 1623 569 qui
1652 514 1749 554 res
1777 498 2115 555 monasterii
2145 494 2479 567 corrumpit.

240 587 449 657 perdit,
473 592 604 652 etc,
639 588 856 659 quippe
879 589 1069 658 magis
1092 588 1500 643 damnificator
1528 588 1791 652 videtum
1814 587 1915 643 sed
1939 587 2136 658 plures
2157 602 2233 644 ex
2254 583 2480 644 Nostris

238 679 469 740 docent,
513 678 668 732 hunc
707 693 939 748 quoque
984 678 1183 732 violati
1228 678 1594 748 paupertatis
1635 678 1756 732 voti
1799 691 1966 732 reum
2006 691 2155 733 esse.

315 769 443 822 223.
479 768 564 821 Ad
596 768 743 823 haec
772 769 1100 836 regulares,
1123 768 1220 839 qui
1254 767 1548 837 proprium
1578 767 1668 822 sui
1698 767 1920 835 ordinis
1947 766 2211 822 habitum
2240 764 2480 828 habent,

242 860 526 912 tenentur
566 873 640 912 ex
671 859 808 926 J‘ure
850 859 1130 912 canonico
1174 858 1338 911 illum
1380 859 1645 926 gestare;
1688 859 1748 911 et
1787 856 1835 911 si
1877 870 2012 911 eum
2056 853 2384 911 dimiserint
2411 853 2483 909 li·

244 947 443 1002 berius
466 947 721 1016 vagandi
748 962 943 1009 causa,
967 947 1128 1002 letali
1157 962 1270 1001 non
1294 949 1498 1001 carent
1515 945 1644 1017 (68).
1662 947 1920 1011 Demum,
1938 958 2018 1000 ex
2037 942 2483 1008 consuetudine,

244 1037 302 1092 hi
346 1037 446 1107 qui
476 1038 650 1091 cboro
680 1042 818 1092 sunt
850 1038 1089 1101 addicti,
1120 1052 1224 1092 seu
1255 1036 1515 1106 religiosi
1551 1037 1606 1091 in
1649 1035 1833 1091 sacris
1874 1049 1988 1089 non
2019 1033 2342 1102 constituti,
2371 1046 2483 1089 nec

244 1126 599 1182 beneficium
639 1127 841 1196 adepti
883 1127 983 1182 sed
1026 1141 1143 1197 qua
1183 1126 1492 1195 regulares
1533 1128 1690 1188 sunt,
1721 1140 1827 1180 seu
1859 1123 2163 1190 monialeS,
2204 1124 2486 1179 tenentur

246 1218 419 1270 horas
459 1216 771 1270 canonicas
811 1216 1064 1272 recitare
1105 1216 1366 1286 quotidie
1419 1216 1527 1271 sub
1574 1215 1744 1284 gravi
1786 1213 1915 1285 (69).
1957 1211 2370 1276 Nihilominus,
2410 1225 2487 1267 ex

245 1320 617 1375 quacumque
642 1305 975 1360 rationabili
1007 1321 1201 1369 causa,
1224 1305 1568 1361 satisfacere
1591 1308 1833 1375 possunt
1861 1301 2164 1359 recitando
2186 1301 2486 1364 laicorum,

244 1410 350 1450 seu
379 1395 661 1450 laicarum
691 1409 896 1464 preces
917 1392 1055 1466 (70);
1080 1395 1172 1450 vel
1200 1410 1303 1464 per
1331 1395 1586 1463 ipsorum
1610 1394 1928 1456 antistites,
1952 1393 2131 1448 etiam
2162 1391 2485 1455 inferiores,

247 1485 481 1554 penitus
509 1484 833 1553 dispensari
850 1481 979 1555 (71).
999 1483 1120 1539 Nec
1140 1484 1362 1552 singuli
1381 1486 1665 1539 tenentur
1687 1483 1743 1538 in
1766 1484 1939 1538 choro
1961 1497 2061 1537 eas
2083 1482 2336 1538 recitare
2352 1479 2487 1554 (72),

246 1575 348 1629 sed
380 1574 767 1629 communitas
798 1573 927 1645 (73).
954 1574 1221 1643 Amplius
1250 1574 1297 1627 si
1329 1588 1440 1627 non
1472 1573 1669 1628 adsint
1697 1573 1908 1628 saltem
1936 1573 2190 1643 quatuor
2227 1569 2486 1644 expediti

244 1664 374 1733 (seu
418 1663 678 1733 professi,
720 1678 826 1719 seu
868 1663 1114 1734 novitii),
1146 1664 1359 1717 chorus
1399 1665 1591 1718 cessat
1620 1661 1747 1733 (74).

320 1757 450 1810 224.
473 1756 772 1810 Hactenus
800 1755 872 1809 de
896 1754 1272 1823 regularibus
1301 1754 1359 1808 in
1382 1752 1673 1822 religione
1696 1751 2097 1808 manentibus:
2120 1765 2279 1807 nunc
2298 1764 2488 1822 pauca

248 1846 321 1900 de
350 1845 441 1899 his
469 1845 566 1915 qui
596 1860 631 1898 a
661 1844 952 1913 religione
981 1844 1399 1898 discesserunt.
1429 1843 1648 1898 Horum
1677 1842 1895 1912 duplex
1933 1855 2125 1911 genus
2156 1843 2272 1898 est:
2303 1854 2487 1896 unum

250 1951 451 1990 eorum
480 1935 576 2004 qui
599 1935 909 2004 regulares
938 1949 1067 1989 esse
1093 1948 1207 1987 non
1238 1933 1534 1995 desinunt,
1556 1932 1811 1987 alterum
1841 1946 2042 1987 eorum
2061 1930 2161 2002 qui
2183 1929 2485 1994 desinunt;

252 2025 334 2079 illi
378 2025 603 2093 regulis
632 2028 872 2085 manent
913 2024 1195 2086 obstricti,
1227 2023 1283 2077 hi
1329 2038 1442 2077 non
1479 2023 1636 2077 item.
1665 2022 1774 2077 Sed
1805 2036 2006 2077 omnes
2045 2022 2328 2076 tenentur
2352 2023 2489 2076 voto'

250 2116 558 2177 castitatis,
591 2117 653 2169 ut
685 2115 870 2184 prius:
902 2115 1043 2168 item
1074 2116 1134 2168 et
1164 2113 1545 2192 paupertatiS,
1577 2113 1678 2167 sed
1706 2112 1900 2175 aliter,
1930 2114 1998 2166 ut
2022 2126 2158 2166 mox
2184 2110 2398 2166 dicam:
2425 2111 2490 2166 at

251 2207 384 2259 voto
424 2205 815 2268 obedientiae,
845 2204 996 2274 quod
1037 2205 1109 2257 ad
1153 2203 1396 2272 regulas
1437 2202 1711 2272 pertinet,
1742 2202 1799 2256 hi
1842 2201 2031 2256 solum
2067 2202 2350 2256 tenentur
2388 2198 2490 2271 qui

251 2295 443 2348 adhuc
483 2297 677 2363 reyuiis
718 2296 856 2347 sunt
896 2293 1176 2347 obstricti.
1207 2292 1316 2355 Qui
1360 2292 1576 2346 idcirco
1615 2293 1898 2347 tenentur
1924 2292 2164 2360 gestare
2204 2289 2488 2354 habitum,

252 2389 310 2438 et
356 2384 615 2452 insignia
649 2384 870 2438 ordinis
900 2383 1144 2452 propria.
1177 2383 1353 2436 Porro
1381 2382 1690 2451 regulares
1718 2383 1962 2436 manent
1991 2380 2238 2451 promoti
2265 2381 2340 2437 ad
2368 2378 2492 2451 epi·

256 2476 574 2541 scopatum,
602 2474 926 2542 apostatae,
957 2476 1016 2526 et
1047 2472 1302 2541 profugi:
1335 2487 1447 2526 non
1478 2474 1718 2527 manent
1748 2471 2176 2535 saecularizati,
2205 2473 2268 2527 et
2294 2469 2489 2541 eJecti.
2543 2479 2546 2483 ’
2616 2450 2632 2508 7

326 2564 453 2616 225.
484 2563 694 2616 Eorum
736 2562 834 2631 qui
866 2565 1108 2616 manent
1142 2562 1452 2629 regulares
1484 2562 1640 2617 haud
1672 2577 1775 2631 par
1802 2560 2063 2615 omnium
2090 2559 2347 2615 conditio
2378 2564 2489 2618 est.

257 2653 488 2706 Etenim
544 2653 851 2721 Episcopos
905 2651 1175 2720 sequitur
1221 2650 1407 2705 solum
1458 2653 1658 2706 votum
1705 2651 2097 2713 obedientiae,
2136 2664 2342 2705 verum
2381 2648 2489 2705 soli

315 2830 374 2873 65
393 2829 437 2873 S.
452 2827 615 2887 Alph.,
632 2828 719 2877 IV,
737 2828 807 2872 20.
830 2827 961 2872 Dum
983 2841 1043 2872 ne
1066 2828 1174 2886 ipse
1193 2826 1321 2872 illud

257 2901 400 2958 prius
445 2902 781 2957 acceptaverit
818 2898 1006 2955 (Salm.,
1048 2899 1110 2951 l3,
1145 2898 1189 2948 6,
1230 2898 1322 2954 23),

258 2971 445 3030 quippe
477 2970 608 3028 quod
645 2970 991 3028 acceptatione
1013 2970 1117 3028 J‘am
1154 2969 1318 3014 Mona-

255 3043 411 3087 sterio
439 3041 727 3100 quaesitum
758 3045 835 3085 est
859 3040 1024 3096 (Proh,
1045 3044 1075 3094 ἓ
1097 3041 1201 3093 517,
1227 3040 1322 3099 23).

314 3114 373 3156 66
406 3113 573 3166 Salm„
616 3111 682 3166 13,
715 3112 756 3163 6,
799 3112 864 3156 15.

315 3186 371 3227 67
408 3184 562 3242 Lugo,
599 3185 671 3230 De
711 3184 862 3238 Just„
910 3183 953 3235 3,
991 3183 1102 3238 149;
1151 3182 1320 3235 Croix,

259 3252 343 3310 lv,
383 3256 477 3299 132.

317 3325 373 3367 68
406 3325 479 3368 Ex
516 3326 566 3371 C.
601 3328 643 3377 6,
667 3327 744 3371 Ne
776 3328 895 3371 cler.
923 3327 1003 3371 vel
1026 3325 1186 3378 Mon„
1223 3336 1321 3383 quo

255 3396 779 3443 excommunicatione
831 3395 1139 3453 plectuntur.
1184 3394 1320 3440 Haec

258 3467 445 3517 autem,
464 3463 611 3509 hodie
637 3469 800 3509 cessat
822 3465 943 3523 quia
965 3466 1027 3510 ad
1054 3467 1322 3511 internum

258 3537 483 3590 reyimen
508 3547 604 3578 non
629 3536 848 3592 pertinet
882 3535 1045 3591 ‹Prol.,
1067 3533 1101 3596 ξ
1136 3536 1238 3590 389,
1258 3536 1319 3586 3).

318 3607 377 3651 69
410 3605 483 3653 Cf.
514 3605 680 3660 Salm.,
722 3607 787 3659 16,
821 3607 862 3661 2,
897 3607 938 3659 9,
973 3610 1065 3653 etc.

318 3676 375 3719 70
409 3677 485 3721 Ex
519 3676 652 3722 Priv.
682 3676 787 3720 Inn.
822 3676 904 3730 IV,
943 3691 1017 3736 ap.
1057 3677 1224 3731 Salm.‚
1253 3678 1322 3734 16,

259 3745 305 3797 3,
329 3747 401 3797 61,
426 3760 524 3806 quo
548 3747 625 3791 vel
650 3747 854 3806 propria
878 3748 1178 3793 auctoritate
1205 3748 1323 3793 licet

1425 2826 1589 2875 Salm..
1622 2826 1715 2878 62).
1750 2824 2074 2880 Rationabili,
2102 2828 2159 2871 ut
2187 2838 2299 2872 cccc
2320 2825 2369 2871 si
2390 2810 2492 2872 mo·

1426 2899 1589 2943 otialis
1610 2900 1676 2942 sit
1695 2898 2014 2953 scrupulosa,
2039 2898 2089 2942 si
2117 2898 2491 2944 eoecraordina-

1423 2970 1505 3015 rie
1538 2967 1851 3025 defatiyata,
1878 2970 1957 3014 vel
1982 2970 2232 3024 occupata
2259 2971 2315 3013 m
2346 2967 2493 3012 utili·

1425 3041 1515 3084 bus
1534 3040 1858 3091 minz'sterz'iS,
1876 3040 1919 3083 si
1944 3037 2165 3097 religiosi
2185 3039 2364 3083 laxati
2380 3036 2494 3082 sint
2587 3080 2595 3083 .

1425 3123 1493 3156 ex
1543 3111 1752 3164 itinere,
1798 3111 1880 3157 vel
1929 3110 2172 3155 concione
2216 3106 2289 3164 (S.
2325 3105 2491 3168 Alph.,

1483 3254 1533 3296 71
1577 3250 1746 3305 Salm„
1787 3251 1857 3305 16,
1889 3250 1930 3303 2,
1963 3249 2036 3296 20.
2070 3249 2263 3308 Utputa
2294 3246 2491 3294 studio·

1426 3337 1536 3368 rum
1574 3336 1727 3368 causa
1760 3322 1828 3379 (S.
1861 3321 2029 3380 Alph.,
2059 3319 2143 3376 IV,
2183 3321 2302 3377 142).

1485 3395 1543 3438 72
1577 3392 1758 3447 Pelliz.,
1794 3392 1871 3438 Tr.
1907 3391 1965 3447 V,
1998 3391 2120 3451 Gap.
2151 3389 2283 3444 vm,
2316 3390 2360 3434 7.

1485 3465 1542 3509 73
1579 3463 1735 3509 Olem.
1766 3462 1803 3517 I,
1837 3464 1912 3509 De
1947 3462 2132 3509 Celebr.
2167 3462 2309 3507 Mis-5.

1488 3538 1545 3580 74
1580 3535 1748 3590 Salui„
1778 3535 1846 3588 16,
1877 3535 1911 3589 l,
1947 3534 1988 3578 6.
2022 3531 2280 3592 Expediti,
2307 3530 2421 3578 ideo
2445 3533 2494 3576 si

1374 3600 1375 3630 ³
1426 3608 1535 3652 sint
1566 3607 1794 3662 leyitime
1827 3606 2082 3661 occupati,
2113 3615 2206 3651 nec
2249 3603 2408 3650 etiam
2445 3604 2494 3648 si

1426 3681 1651 3733 quatuor
1682 3679 1807 3726 sint,
1838 3679 1910 3722 ad
1945 3674 2160 3721 chorum
2195 3675 2494 3732 obliyantur

1375 3788 1377 3794 .
1429 3746 1497 3803 (s.
1531 3745 1701 3806 Alph.,
1733 3746 1817 3801 1v,
1854 3745 1971 3802 143).

264 3817 342 3861 uti
367 3816 546 3873 (Pelia,
571 3816 654 3863 To.
677 3820 714 3872 l,
738 3817 814 3862 Tr.
840 3817 897 3874 V,
919 3818 1037 3878 cap.
1058 3818 1189 3875 vm,
1218 3819 1320 3873 129;
1373 3849 1378 3858 ,

242 232 336 286 Vel
380 230 819 301 consanguineo
857 230 1001 302 (65);
1044 230 1218 287 immo
1259 231 1371 286 etsi
1417 230 1539 302 ipse
1577 229 1851 301 accipiat,
1890 229 2028 287 huic
2066 229 2312 286 daturus
2342 224 2474 307 (663.

237 322 356 376 Nec
398 321 496 391 qui
527 334 736 390 operas
776 334 931 383 suas,
960 335 1108 391 quas
1149 320 1508 376 monasterio
1550 334 1663 375 non
1704 319 1898 383 debet,
1927 320 2192 390 praestat
2229 316 2383 383 aliis,
2412 319 2478 374 ut
2558 331 2575 335 ··
