2632 4094
248 146 351 203 298
632 163 775 202 maen
810 164 876 202 m.
913 175 935 188 ·
966 163 1140 203 macr.
1176 163 1241 203 m.
1278 165 1343 204 ne
1375 163 1704 205 εισιωιικτο
1739 163 2102 208 noemam-us
2371 174 2379 180 ·
2407 135 2624 218 ff

250 265 384 305 eum
437 251 741 318 oportere:
797 247 909 303 etsi
951 248 1150 304 statim
1204 248 1497 306 destiterit
1537 249 1611 306 de
1653 249 1755 305 illa
1795 250 1952 323 turpi
1993 250 2245 327 materia
2298 235 2484 325 loquiss
2571 259 2605 281 ’

246 340 520 408 afferendo
550 339 664 404 ejus
701 340 1122 407 complementum
1158 339 1231 392 ad
1264 340 1419 393 aliud
1456 345 1676 408 tempus:
1707 354 1815 396 nec
1857 339 2255 411 poenitentem
2293 340 2485 399 absol·

247 429 399 485 verit
424 429 513 498 (8).
542 428 733 490 Quare
764 442 832 483 eo
864 430 1052 497 magis
1093 428 1539 483 denunciandus
1580 429 1709 493 erit,
1739 429 1787 484 si
1828 434 2174 501 provocatus
2199 432 2275 488 ad
2304 445 2483 488 unam

247 517 628 589 turpitudinis
668 516 943 587 speciem,
977 519 1049 573 ad
1090 517 1282 580 aliam,
1318 518 1600 573 minorem
1643 517 1783 574 licet
1812 518 1989 591 inque
2020 536 2088 575 ea
2121 522 2498 587 contentam„

246 607 559 664 diverterit
581 605 677 678 (9).

318 699 446 753 367.
484 699 719 753 Demum
755 700 818 753 ut
846 700 1145 768 tamquam
1185 714 1217 749 a
1258 695 1726 770 confessae-mmo).
1758 698 1935 753 Porro
1973 704 2327 769 confessarius
2354 700 2483 756 sine

243 787 444 858 aliqua
472 787 850 850 confessione,
882 802 987 841 seu
1016 801 1155 841 vera
1185 801 1291 841 seu
1319 786 1514 856 specie
1556 789 1749 851 tenus,
1780 803 1893 842 non
1925 788 2310 859 intelligitur:
2355 789 2485 867 ideo

244 878 567 940 videamuS,
598 880 794 931 utrum
838 876 1171 947 provocatio
1211 875 1286 930 ad
1326 876 1524 946 turpia
1564 876 1640 931 sit
1681 875 1839 933 facta
1881 878 1939 932 in
1982 879 2362 943 confessione,
2404 894 2482 935 an

245 970 415 1022 extra
458 966 634 1020 illam.
665 966 719 1021 Si
766 966 822 1020 in
865 966 1245 1027 confessione,
1282 980 1419 1020 reus
1460 966 1572 1020 erit
1606 981 1837 1036 semper
1865 967 2324 1034 sollicitationis;
2354 969 2481 1024 sive

247 1056 652 1126 provocaverit
683 1054 1080 1125 poenitentem
1111 1055 1170 1109 in
1199 1062 1321 1110 aeta
1349 1058 1702 1123 confes-sioni&
1731 1057 1856 1112 sive
1884 1059 2172 1112 immediate
2191 1066 2326 1123 ante,
2356 1059 2483 1115 sive

243 1147 533 1200 immediate
550 1152 680 1215 post.
714 1147 932 1202 Verum
973 1145 1080 1199 hoc
1120 1145 1463 1199 adverbium
1508 1165 1536 1197 «
1568 1147 1856 1200 immediate
1886 1165 1916 1198 »
1947 1148 2152 1203 stricte
2180 1147 2484 1219 accipien-

243 1238 380 1294 dum
422 1240 545 1298 est;
593 1251 802 1306 nempe
844 1237 891 1290 si
932 1235 1140 1290 -inter
1179 1234 1652 1291 sollicitationem
1697 1239 1755 1290 et
1798 1236 2221 1292 consessionem
2260 1267 2284 1276 -
2326 1236 2482 1293 inter

245 1326 666 1382 confessionem
708 1329 769 1380 et
809 1324 1286 1380 sollicitationem
1315 1356 1334 1365 -
1362 1322 1497 1377 nihil
1531 1327 1711 1380 mediet
1740 1324 1870 1397 (11).
1914 1327 2012 1381 Sin
2056 1332 2222 1382 extra
2251 1303 2484 1404 confess-

243 1417 483 1478 sionem,
526 1414 864 1469 sollicitatio
906 1429 1017 1469 non
1062 1413 1440 1483 intelligitur,
1477 1415 1588 1468 nisi
1630 1415 1830 1485 aliqua
1870 1417 2220 1471 obversetur
2259 1415 2483 1472 confes-

241 1506 420 1562 sionis
462 1505 715 1575 species3
760 1504 926 1566 idest,
963 1503 1073 1558 nisi
1109 1504 1439 1573 provocatio
1481 1503 1810 1573 hujusmodi
1855 1505 2010 1559 facta
2051 1505 2230 1560 fuerit
2259 1505 2482 1562 confes·

242 1596 423 1651 sionis
451 1594 774 1656 occasione,
798 1593 893 1648 vel
920 1593 1249 1662 praetextu,
1274 1593 1367 1647 vel
1393 1593 1784 1649 simulatione.
1815 1595 2083 1649 Occasione
2104 1595 2483 1651 confessionis

240 1686 523 1743 sollicitat
553 1685 650 1756 qui
682 1686 984 1753 petentem
1026 1682 1310 1746 confiteri,
1351 1684 1491 1736 illico
1521 1683 1745 1752 pellicit
1772 1685 1843 1738 ad
1877 1685 2086 1754 turpia,
2117 1684 2483 1740 confessione

242 1777 427 1832 dilata
457 1777 514 1830 in
547 1778 845 1845 posterum
871 1772 996 1844 (12).
1026 1775 1313 1827 Praetexta
1343 1774 1461 1843 qui,
1492 1790 1544 1827 v.
1575 1789 1641 1835 c.,
1670 1772 1929 1843 aliquem
1957 1774 2031 1828 ad
2059 1774 2483 1830 confessionem

305 1925 332 1968 8
356 1924 404 1969 S.
421 1923 476 1969 U.
500 1922 553 1975 1.,
578 1924 660 1968 cit.
689 1922 801 1967 Dec.
827 1935 874 1967 n.
901 1922 942 1965 2.
966 1921 1313 1967 Nihilominus

246 1996 291 2042 si
311 1995 574 2042 consensit
595 1997 733 2037 metu
757 1993 898 2052 gravi
926 1991 1183 2045 inductus,
1206 2005 1315 2051 pro-

248 2066 411 2113 babile
465 2068 543 2110 est
594 2064 1040 2110 denunciationem
1091 2076 1312 2116 cessare3

241 2138 369 2199 quia
387 2136 435 2182 S.
462 2134 521 2181 U.
544 2135 596 2189 1.,
621 2147 750 2195 quae
774 2136 856 2180 cit.
879 2134 1025 2181 Decr.
1048 2133 1110 2180 ad
1135 2136 1182 2186 9,
1203 2148 1315 2181 cen-

242 2211 419 2255 suerat
466 2207 602 2253 hunc
651 2219 850 2265 quoque
900 2204 1313 2250 denunciandum

244 2293 371 2333 esse,
391 2278 443 2324 in
465 2278 549 2324 cit.
575 2278 842 2335 Instruct.,
865 2275 1174 2322 sacerdotem
1200 2288 1314 2321 con-

245 2350 549 2397 sentientem
584 2348 790 2408 quidem
834 2350 1094 2402 memorat,
1127 2346 1217 2391 sed
1251 2346 1311 2390 de

241 2435 299 2467 eo
343 2421 429 2481 qui
479 2422 619 2465 metu
666 2419 920 2464 consensit
965 2417 1174 2463 verbum
1213 2432 1313 2464 non

242 2492 364 2538 facit
387 2490 621 2547 (vindic,
643 2489 827 2548 Ligor.‚
852 2489 958 2534 Par.
984 2489 1041 2542 V,
1063 2490 1215 2546 Quae.
1239 2489 1314 2545 20,

244 2565 350 2608 Art.
386 2563 448 2619 Ξ).

302 2633 331 2675 9
354 2632 569 2687 Balleri.,
594 2632 655 2678 ad
680 2632 837 2691 Gury,
854 2629 916 2687 ΙΙ,
939 2631 1042 2676 591.
1064 2631 1124 2677 V.
1147 2632 1312 2678 Illud.

308 2704 360 2747 10
392 2703 469 2748 Ex
503 2703 587 2749 cit.
620 2703 672 2751 C.
709 2707 762 2756 §g
798 2704 835 2756 1,
870 2702 910 2748 2.
954 2702 1169 2761 Ideoque
1210 2701 1309 2748 huc

240 2789 339 2820 non
374 2774 596 2833 pertinet
619 2772 853 2819 sacerdos
887 2773 1135 2832 interpres
1160 2772 1226 2827 (S.
1253 2771 1309 2817 U.

241 2845 364 2904 Inq.,
396 2845 477 2890 cit.
502 2843 633 2898 Dec„
658 2843 721 2889 ad
745 2845 816 2899 6);
843 2855 933 2888 nec
955 2845 1042 2902 qui
1069 2854 1185 2888 eum
1209 2842 1305 2888 sol-

243 2915 439 2962 licitare
468 2915 642 2974 jussit,
668 2914 928 2960 mandavit
954 2913 1045 2970 (Ib.
1072 2913 1135 2959 ad
1158 2913 1217 2973 I).
1243 2916 1313 2959 At

243 2987 288 3031 is
320 2987 406 3045 qui
442 2985 688 3031 sollicitat
721 2998 819 3030 non
849 2987 1123 3030 excusatur
1154 2983 1309 3042 quod,

242 3070 342 3102 non
375 3069 470 3113 pro
492 3070 562 3107 se,
586 3056 673 3101 sed
701 3069 800 3113 pro
831 3057 937 3101 alio
958 3054 1310 3101 sollicitaverit

244 3126 359 3176 (Cit.
398 3127 569 3174 Const.
606 3127 632 3183 ξ
675 3128 731 3183 l).

307 3199 354 3241 ll
380 3197 701 3251 Salm.,XXI,
726 3196 809 3250 IV,
835 3199 906 3242 48.
930 3196 1070 3243 Idest
1084 3197 1128 3242 si
1149 3209 1309 3255 neque

243 3268 584 3314 confessarius
619 3281 779 3327 neque
817 3270 1079 3327 poenitens
1115 3267 1176 3313 ad
1211 3268 1310 3313 alia

242 3339 375 3385 facta
419 3338 721 3384 diverterint
760 3339 830 3397 (S.
864 3339 1028 3399 Alph„
1064 3339 1151 3388 VI,
1184 3340 1309 3397 677).

241 3409 309 3454 Ut
343 3422 454 3455 ecce
488 3410 529 3454 si
565 3414 822 3468 petentem
859 3411 1081 3455 confiteri
1124 3410 1310 3457 sollici÷

239 3484 328 3533 tet,
365 3483 414 3525 et
436 3483 677 3526 continuo
703 3480 1067 3527 confessionem
1093 3482 1201 3540 ejus
1227 3494 1307 3525 ex-

241 3552 416 3610 cipiat3
462 3551 542 3596 vel
585 3552 873 3597 confessum
920 3566 943 3596 e
989 3552 1207 3610 vestigio
1257 3553 1307 3596 in

238 3621 531 3668 cubiculum
566 3622 719 3668 ducat
765 3628 814 3666 et
850 3626 1086 3681 provocet
1119 3621 1308 3675 (Salm.,

238 3706 286 3737 n.
320 3694 415 3748 50).
455 3694 613 3740 Secus
654 3693 699 3738 si
741 3699 948 3748 (minuc)
995 3693 1307 3739 confessione

242 3762 294 3807 in
329 3762 468 3808 aliud
498 3767 699 3823 tempus
724 3763 900 3818 dilata,
922 3763 982 3807 de
1009 3763 1123 3809 aliis
1159 3763 1307 3808 rebus

243 3831 460 3893 colloqui
498 3835 741 3893 eoeperit;
775 3833 855 3879 vel
883 3837 1048 3891 (amc)
1086 3834 1139 3878 in
1173 3833 1308 3880 cubi-

1418 1921 1590 1966 culum
1617 1922 1823 1967 duxerit
1842 1923 1902 1967 ut
1922 1921 2064 1968 aliud
2090 1936 2261 1970 revera
2290 1936 2404 1971 cum
2427 1937 2485 1971 eo

1418 1993 1684 2051 negocium
1726 1995 1910 2051 ageret,
1953 1996 2003 2039 et
2035 1991 2158 2040 dum
2190 1993 2483 2056 colloquun-

1418 2067 1517 2116 tur,
1551 2065 1698 2123 quasi
1733 2077 1823 2123 per
1854 2064 2105 2117 accidens,
2142 2066 2484 2125 poenitentem

1418 2134 1658 2180 sollicitet
1704 2135 1773 2193 (S.
1825 2135 1987 2195 Alph.,
2037 2136 2165 2195 677).
2210 2135 2480 2184 Caeterum

1418 2218 1615 2264 semper
1658 2205 1862 2252 initium
1895 2206 2272 2254 sollicitationis
2311 2207 2476 2267 inspi-

1417 2277 1653 2322 ciendum
1689 2281 1791 2331 est;
1826 2291 1943 2323 narn
1967 2278 2264 2325 sollicitatio
2294 2277 2488 2326 intelli·
2537 2306 2544 2312 ·
2623 2266 2632 2340 J

1416 2350 1555 2407 gitur
1588 2348 1641 2394 in
1673 2351 1792 2405 ipsa
1824 2350 2155 2405 confessione,
2185 2349 2262 2396 vel
2295 2351 2481 2398 imme—⁶

1416 2419 1553 2466 diate
1571 2423 1705 2473 ante,
1726 2420 1799 2465 vel
1819 2419 2112 2466 immediate
2124 2425 2257 2478 post,
2273 2421 2319 2468 si
2343 2433 2483 2486 ‘runc

1415 2489 1649 2537 sacerdos
1694 2491 1867 2536 fecerit
1910 2490 2118 2550 aliquid,
2151 2494 2241 2538 aut
2276 2492 2480 2548 dixerit,

1415 2561 1725 2608 sollicitandi
1750 2562 1933 2615 animo,
1957 2563 2052 2608 etsi
2076 2562 2158 2608 hic
2185 2564 2362 2623 postea
2394 2559 2483 2624 api

1413 2634 1661 2694 paruerit3
1682 2633 1839 2678 veluti
1858 2633 1901 2677 si
1927 2632 2012 2677 det
2029 2633 2307 2692 poenitenti
2331 2633 2475 2680 char-

1414 2707 1534 2756 tam,
1577 2704 1629 2748 in
1668 2716 1768 2763 qua
1807 2716 1922 2748 eum
1967 2702 2030 2748 ad
2070 2704 2242 2764 turpia
2279 2702 2479 2758 incitati

1414 2778 1589 2834 postea
1607 2773 1870 2833 legendam
1890 2774 2053 2831 (Alex.
2069 2773 2261 2831 V11‚9),
2280 2774 2327 2822 si
2338 2774 2475 2823 domi

1415 2859 1531 2891 eum
1563 2846 1758 2903 invitet,
1793 2849 1882 2891 aut
1909 2845 2085 2904 jubeat
2117 2847 2287 2907 ipsum
2321 2859 2477 2908 expe-

1415 2920 1551 2962 ctare
1573 2931 1625 2963 se
1661 2917 1813 2971 domi,
1838 2919 1881 2963 si
1915 2921 2124 2976 quaerat
2147 2917 2232 2964 ubi
2267 2917 2479 2973 habitet,

1415 2990 1464 3032 et
1488 2987 1622 3032 domi
1642 2988 1879 3035 sollicitet
1892 2989 1964 3046 (S.
1984 2988 2117 3049 Alph
2139 3023 2153 3044 ,
2171 2989 2275 3043 678,
2291 2989 2396 3043 704,
2415 2987 2481 3046 3).

1415 3057 1522 3103 Non
1567 3059 1689 3103 item
1724 3059 1784 3115 si,
1823 3060 2025 3119 cognita
2068 3061 2121 3105 in
2166 3060 2482 3109 confessione

1411 3131 1719 3188 poenitentis
1743 3130 2035 3190 fragilitate,
2055 3130 2188 3177 domi
2214 3144 2329 3178 eum
2355 3131 2476 3187 adit,

1413 3205 1462 3245 et
1507 3203 1654 3259 urget
1701 3200 1841 3259 (Dia,
1890 3201 2060 3254 Trull.,
2104 3202 2276 3256 Salm.,
2310 3215 2358 3249 n.
2390 3204 2483 3255 513

1413 3271 1670 3326 Giordani,
1718 3271 1828 3317 Par.
1882 3272 1943 3327 II,
1993 3272 2118 3332 Cap.
2171 3271 2302 3327 XIV,
2341 3273 2480 3331 223):

1413 3343 1597 3402 quippe
1631 3343 1675 3388 is
1709 3356 1772 3387 ex
1797 3344 2109 3389 confessione
2137 3344 2388 3400 notitiam,
2417 3356 2480 3390 ex

1412 3414 1593 3458 notitia
1637 3413 1946 3460 sollicitandi
1997 3428 2174 3461 ansam
2221 3414 2359 3475 capit
2401 3415 2476 3471 (V.

1411 3484 1579 3538 Giral.,
1604 3487 1660 3530 E.
1683 3487 1720 3530 Ι.
1749 3486 1825 3541 P.‚
1849 3484 1979 3531 Part.
2003 3485 2040 3539 Ι,
2060 3485 2166 3535 Lib.
2187 3483 2275 3540 111,
2294 3485 2391 3532 Tit.
2415 3484 2472 3540 1).

1409 3553 1509 3601 Nec
1534 3555 1672 3600 aliud
1697 3570 1870 3602 revera
1894 3557 2068 3602 docere
2092 3554 2294 3601 videtur
2316 3554 2365 3602 S.
2391 3555 2476 3602 Al-

1409 3627 1508 3683 ph,
1542 3627 1625 3671 cit.
1659 3640 1706 3671 n.
1745 3626 1849 3681 678,
1873 3628 1923 3672 in
1948 3627 2031 3672 fin.
2059 3625 2248 3672 Verum
2274 3625 2375 3673 alia
2398 3630 2480 3673 est

1409 3697 1582 3754 praxis
1617 3696 2073 3757 Congregationum
2106 3697 2270 3743 Urbis.

1477 3768 1526 3812 12
1562 3767 1730 3823 Salm„
1774 3782 1819 3813 n.
1858 3769 1931 3814 52.
1977 3768 2199 3814 Tametsi
2248 3768 2479 3816 nondum
2559 3762 2584 3826 *v

1408 3836 1516 3895 ipse
1542 3838 1742 3894 sederit,
1770 3852 1860 3886 nec
1879 3838 2146 3899 poenitens
2164 3839 2475 3900 genuflecte·
