2632 4094
251 170 354 226 358
848 183 993 226 uasa
1027 183 1094 226 m.
1118 201 1144 215 -
1177 186 1350 231 ratior.
1387 185 1451 224 vi.
1489 185 1554 225 ns
1588 184 1902 226 uir-amomo

326 271 451 326 454.
487 271 694 340 Itaque
723 273 942 340 parochi
975 288 1106 330 cum
1139 277 1339 345 primis
1378 279 1631 336 officium
1661 282 1768 344 est,
1810 282 2120 352 investigare
2155 287 2345 339 utrum
2383 285 2489 339 alt·
2523 267 2546 289 ³

247 362 382 431 quod
417 361 831 429 impedimentum
871 364 1081 419 obsistat
1109 362 1261 439 (14);
1307 368 1568 441 illudque
1609 368 1894 441 Episcopo
1931 370 2306 438 renunciare,
2334 372 2489 430 datis

247 451 518 516 testibus,
558 450 939 518 documentiS,
970 453 1221 521 indiciis,
1252 472 1364 512 non
1399 459 1555 514 enim
1587 458 1672 514 fas
1715 461 1806 515 est
1837 458 1943 529 ipsi
1975 458 2048 515 de
2091 474 2161 516 eo
2193 460 2485 532 judicare.

247 539 387 610 qnia
416 539 727 609 negocium
756 543 847 596 est
874 543 1027 612 quod
1050 544 1124 598 ad
1154 543 1338 601 forum
1362 549 1678 603 externum
1709 548 1967 618 pertinet
1992 546 2121 620 (15).
2153 550 2272 607 Nec
2303 550 2483 608 refert

250 630 407 685 unde
448 629 572 699 ipse
612 630 770 700 (dum
813 646 887 686 ne
927 648 990 685 ex
1022 636 1350 703 confessione)
1386 637 1630 692 sciverit
1660 636 1798 709 (16);
1835 652 1943 694 nec
1986 640 2183 695 utrum
2224 638 2370 696 illud
2404 639 2490 695 di-

247 718 468 774 rimens
508 719 603 781 sit,
642 734 720 775 an
770 720 1095 791 impediens
1140 723 1269 794 (17),
1313 729 1535 780 certum
1591 742 1666 782 an
1718 726 1958 782 dubium
2000 727 2138 799 (18);
2180 728 2490 784 dummodo

250 808 412 872 illud,
454 810 548 865 vel
591 810 721 880 ejus
758 810 989 876 famam,
1037 816 1335 884 acceperit
1375 830 1412 870 a
1455 818 1722 887 personis
1763 818 1875 873 fide
1917 818 2115 890 dignis
2158 816 2289 892 (19).
2339 818 2490 883 Quid

249 899 299 954 si
340 899 724 955 renuncietur
761 901 871 955 sibi
914 904 1146 972 quando
1179 906 1303 974 jam
1346 908 1555 976 parata
1595 908 1734 962 sunt
1774 907 2007 963 omnia?
2045 905 2119 963 Et
2160 907 2207 964 si
2251 907 2492 980 impedi·

247 995 510 1046 mentum
552 990 628 1045 sit
667 990 963 1046 occultum
992 995 1052 1048 et
1096 995 1523 1063 urgentissima
1564 997 1894 1052 necessitas
1935 996 1990 1052 id
2032 997 2291 1068 postulat
2315 1027 2352 1040 -
2378 1012 2490 1053 nec

247 1079 564 1151 Episcopus
605 1079 774 1142 adiri,
817 1096 924 1136 nec
967 1083 1401 1139 matrimonium
1439 1085 1657 1141 differri
1703 1086 1886 1156 possit
1925 1086 2054 1143 sine
2097 1086 2266 1156 gravi
2308 1086 2489 1158 impe-

246 1170 491 1226 dimenti
534 1170 864 1240 suspicione
892 1200 925 1210 -
954 1187 1084 1226 cum
1114 1174 1301 1228 omnis
1331 1177 1594 1245 potestas
1622 1175 1763 1231 data
1790 1176 1866 1231 sit
1897 1176 1956 1230 in
1997 1174 2492 1243 aedificationem,

247 1260 309 1316 et
350 1275 463 1315 non
505 1259 563 1313 in
607 1260 1084 1328 destructionem,
1127 1262 1609 1333 impedimentum
1653 1268 1846 1321 cessat
1871 1265 2012 1338 (20).

308 1435 458 1482 Porro
491 1434 640 1482 hodie
673 1449 772 1482 non
806 1435 925 1483 licet
963 1439 1197 1497 parochis
1231 1441 1313 1485 in·

248 1511 438 1554 teresse
463 1507 801 1553 matrimoniis
825 1508 1025 1568 injussu
1042 1507 1317 1564 Ordinarii,

248 1579 295 1627 ai
329 1578 456 1625 alter
481 1591 543 1623 ex
566 1579 768 1638 sponsis
801 1579 872 1624 sit
903 1578 1095 1625 alienae
1125 1579 1319 1627 dioece-

250 1650 340 1703 εἰς,
372 1651 526 1695 immo
560 1662 651 1694 nec
683 1662 740 1695 ea
777 1648 1034 1709 publicare
1069 1650 1137 1706 (S.
1172 1650 1230 1698 U.
1265 1650 1315 1704 1.‚

248 1720 401 1767 Instr.
431 1721 573 1779 1670).
597 1719 832 1769 Ceterum
866 1723 1191 1784 haecaeomnia
1214 1735 1318 1769 ces-

249 1795 367 1839 sant
394 1794 605 1851 urgente
633 1791 809 1838 mortis
843 1792 1065 1851 periculo
1086 1793 1157 1852 (S.
1181 1791 1239 1839 U.
1264 1792 1315 1847 1,

249 1876 328 1923 ap.
361 1862 583 1917 Corrad.,
615 1866 664 1908 et
696 1861 769 1908 De
800 1862 950 1923 Just„
985 1862 1047 1916 ΙΙ,
1086 1865 1155 1918 19,
1188 1863 1277 1922 24).

314 1934 367 1979 14
399 1933 452 1980 C.
487 1933 532 1989 3,
562 1935 637 1981 De
673 1933 856 1980 Claud.
891 1935 1045 1992 Desp.

314 2006 368 2050 15
399 2005 453 2053 C.
481 2005 586 2059 ult.‚
610 2006 733 2052 Eod.
754 2005 820 2050 Et
843 2005 1046 2051 interim
1071 2019 1100 2051 a
1123 2007 1314 2052 denun-

249 2076 555 2123 ciationibus
591 2076 842 2123 abstinere
869 2077 1048 2132 (Pont.,
1073 2076 1130 2130 V,
1154 2077 1226 2131 36,
1261 2078 1316 2135 1).

317 2147 371 2192 16
388 2148 448 2192 V.
467 2146 770 2201 Sanch.,111,
791 2148 856 2200 16,
879 2148 943 2191 14.
958 2147 1101 2204 Quod
1120 2148 1165 2193 si
1186 2147 1314 2193 illud

251 2231 312 2265 ex
332 2218 496 2277 ipsius
511 2218 684 2276 sponsi
702 2218 985 2277 ignorantis
1003 2218 1316 2264 confessione

251 2288 502 2340 didicerit,
525 2291 575 2333 et
598 2289 775 2334 timeat
799 2288 1192 2334 admonitionem
1218 2302 1317 2335 non

250 2359 583 2419 profuturam,
596 2362 644 2405 et
658 2360 1035 2405 matrimonium
1049 2360 1158 2406 sine
1171 2361 1315 2420 gravi

250 2429 489 2476 scandalo
526 2429 757 2489 impediri
794 2444 893 2476 non
920 2432 1095 2489 possit,
1122 2444 1238 2476 eum
1262 2431 1313 2476 in

252 2513 349 2546 sua
380 2499 511 2545 bona
558 2500 655 2545 fide
703 2500 985 2560 relinquere
1033 2503 1197 2546 satius
1241 2506 1320 2547 est

251 2570 466 2628 (Bonae,
501 2571 698 2624 Sanch„
733 2571 795 2625 11,
829 2573 901 2626 38,
934 2573 986 2617 6:
1015 2572 1083 2618 De
1108 2573 1257 2627 Just,
1283 2572 1320 2632 Ι,

250 2643 295 2698 6,
328 2643 451 2690 441).

315 2713 367 2757 17
406 2713 458 2758 V.
495 2713 694 2768 Sanch.,
726 2714 813 2768 III,
854 2716 918 2770 15,
955 2716 996 2760 5.

314 2786 368 2829 18
401 2784 595 2840 Sanch.,
619 2786 668 2838 8;
695 2786 848 2839 Pont.‚
874 2787 921 2839 33
949 2786 1018 2832 De
1041 2787 1190 2839 Just„
1215 2788 1317 2832 409.

317 2856 369 2900 19
400 2855 599 2911 Sanch.‚
620 2856 709 2910 111,
738 2857 804 2913 13,
827 2858 869 2902 7.
902 2857 1035 2915 Quid
1071 2859 1115 2903 si
1150 2859 1313 2918 impe-

250 2926 534 2972 dimentum
569 2927 818 2974 famosum
852 2928 922 2974 sit
956 2933 1005 2974 et
1042 2929 1317 2982 occultum,

253 3001 304 3043 et
330 2997 376 3043 S.
404 2997 555 3043 Sedes
573 2999 680 3057 jam
705 2998 765 3044 ab
790 3012 846 3044 eo
868 2999 1245 3059 dispensaverit
1270 3000 1320 3044 in

252 3069 356 3115 foro
391 3067 621 3114 interno?
656 3069 721 3114 Et
754 3070 973 3129 profecto
1006 3072 1057 3115 in
1087 3073 1180 3116 hoc
1215 3070 1318 3116 foro

253 3139 556 3185 credendum
591 3140 685 3185 erit
708 3143 929 3199 sponsis,
956 3142 1035 3188 vel
1068 3142 1317 3188 confessa-

252 3210 342 3265 rio,
366 3210 519 3255 immo
544 3213 593 3254 et
614 3211 915 3271 cuicumque
941 3214 1046 3258 viro
1068 3212 1321 3266 timorato,

251 3280 306 3326 id
340 3282 586 3326 asserenti
621 3281 863 3335 (Filiucc.,
888 3282 959 3328 De
981 3284 1128 3335 Just„
1163 3282 1249 3335 ΙΙΙ,
1285 3283 1323 3337 Ι,

252 3351 344 3410 38).
363 3349 538 3410 Itaque
563 3353 606 3396 si
631 3351 881 3411 parochus
906 3354 1166 3399 resciverit
1193 3353 1320 3398 illud

250 3422 376 3468 citra
390 3434 586 3466 omnem
602 3421 1060 3476 denunciationem,
1082 3423 1321 3469 dissimu-

251 3491 322 3537 let
354 3495 403 3536 et
436 3491 498 3536 ad
527 3493 907 3538 matrimonium
933 3493 1193 3553 procedat:
1241 3495 1320 3539 sin

253 3574 314 3606 ex
338 3562 725 3607 denunciatione
750 3564 967 3614 rescivit,
997 3577 1075 3609 res
1092 3564 1198 3623 jam
1222 3563 1318 3609 fori

254 3633 451 3676 externi
486 3645 596 3677 esse
631 3633 809 3691 coepit,
845 3634 954 3678 ideo
989 3637 1191 3679 tenetur
1215 3647 1318 3679 rem

256 3701 319 3746 ad
352 3701 676 3748 Ordinarium
701 3703 904 3750 deferre.
928 3705 1023 3761 Qui
1052 3704 1322 3763 procedere

257 3770 404 3816 debet
428 3772 633 3830 perinde
663 3785 719 3818 ac
752 3774 797 3819 si
831 3774 971 3819 nulla
1005 3775 1321 3834 dispensatio

258 3841 602 3887 intercesserit
631 3843 849 3901 (Sanch.,
884 3844 970 3899 III,
1012 3846 1074 3890 15.
1114 3847 1202 3901 15).

2458 1382 2466 1407 i

1478 1441 1535 1485 20
1554 1441 1630 1487 Ex
1657 1441 1707 1487 Ο.
1726 1443 1767 1497 2,
1791 1442 1864 1489 De
1882 1444 2031 1500 Desp.
2054 1444 2273 1500 impub.;
2291 1442 2491 1499 Sanch„

1418 1511 1481 1565 11,
1514 1513 1588 1572 40,
1615 1513 1658 1557 7.
1680 1512 1749 1559 Ut
1771 1525 1883 1559 ecce
1906 1514 1950 1559 si
1984 1514 2363 1560 matrimonium
2386 1512 2490 1561 dif-

1419 1582 1544 1628 ferre
1568 1596 1668 1629 non
1698 1584 1864 1644 possit
1895 1584 2006 1630 sine
2028 1582 2267 1643 scandalo
2291 1585 2489 1632 vel-in-

1418 1653 1591 1708 famia,
1614 1653 1692 1700 vel
1726 1667 1824 1714 quo
1858 1654 1957 1701 alio
1978 1654 2282 1714 gravissimo
2304 1654 2488 1703 damno

1420 1724 1486 1781 (S.
1508 1723 1675 1784 Alph.,
1697 1723 1804 1771 Lib.
1836 1724 1875 1779 1,
1911 1727 2039 1785 App.
2064 1723 2124 1780 11,
2147 1724 2230 1780 573
2268 1724 2354 1780 VI,
2387 1726 2489 1783 613,

1424 1794 1554 1843 1122.
1577 1795 1634 1841 V.
1661 1795 1777 1842 Ben.
1802 1795 1932 1849 XIV,
1957 1796 2033 1843 De
2063 1796 2205 1854 Syn„
2233 1795 2318 1853 lx,
2349 1796 2394 1852 2,
2426 1797 2490 1855 2).

1417 1865 1782 1919 Nihilominus,
1814 1870 1930 1927 post
1961 1866 2270 1914 celebratum
2308 1870 2487 1916 matri·

1418 1938 1659 1992 monium,
1693 1938 1913 1997 petenda
1947 1938 2043 1984 erit
2073 1936 2387 1999 dispensatio
2426 1939 2491 1986 ad
2576 1939 2580 1942 ’

1418 2006 1666 2054 cautelam
1689 2008 1760 2059 (S.
1774 2007 1940 2068 Alph.,
1954 2007 2036 2063 VI,
2053 2008 2144 2054 613
2158 2008 2211 2055 in
2228 2007 2350 2067 θα).
2368 2009 2489 2057 Dixi

1417 2078 1625 2138 parochi
1648 2092 1766 2125 cum
1789 2081 2010 2137 primi-n
2031 2079 2230 2128 scilicet
2249 2079 2488 2142 quisquis

1416 2150 1558 2196 novit
1583 2150 1787 2210 aliquod
1810 2153 2233 2208 impedimentum
2255 2151 2482 2207 subesse,

1416 2224 1619 2267 tenetur
1635 2220 1732 2268 sub
1747 2222 1889 2282 gravi
1909 2221 2036 2267 illud
2055 2221 2272 2282 parocho
2294 2221 2488 2270 denun-

1418 2292 1569 2346 ciare3
1595 2293 1753 2339 1⁰sive
1771 2293 2013 2339 dirimens
2030 2293 2158 2340 illud
2172 2294 2257 2347 sit,
2271 2293 2491 2340 siveim-

1418 2363 1641 2422 pediens,
1666 2363 1916 2409 famosum
1933 2376 2132 2424 quoque
2158 2363 2379 2423 (Sanch,
2402 2362 2492 2422 ΙΙΙ,

1427 2434 1493 2488 13,
1511 2433 1568 2491 2;
1591 2433 1663 2478 De
1686 2434 1718 2478 J
1722 2437 1838 2490 ust.,
1861 2433 1925 2488 11,
1955 2435 2019 2489 19,
2042 2435 2169 2493 235),
2193 2436 2301 2482 sive
2328 2435 2490 2497 publi,-

1418 2517 1552 2560 cum,
1586 2505 1694 2550 sive
1727 2506 2013 2565 privatum3
2047 2504 2311 2553 distinctio
2345 2519 2485 2553 cere·

1419 2575 1563 2622 brina
1605 2590 1633 2621 a
1665 2575 1931 2622 nonnullis
1974 2589 2137 2636 nuper
2175 2577 2377 2624 invecta
2422 2573 2486 2624 ad

1419 2646 1778 2706 obligationem
1815 2646 2223 2694 denunciationis
2264 2647 2484 2695 restrin-

1419 2716 1651 2777 gendam,
1670 2717 1742 2763 ait
1760 2716 1908 2777 Feije,
1922 2716 1983 2775 ΙΙ,
2000 2717 2058 2762 85
2077 2716 2215 2772 (V.S.
2237 2714 2493 2779 Alph.,VI,

1420 2788 1522 2846 994,
1552 2787 1677 2842 995).
1710 2787 1774 2833 Et
1806 2787 1855 2831 2ο
1889 2789 2124 2848 quamvis
2159 2787 2372 2836 dubium
2399 2789 2488 2847 sit,

1422 2857 1500 2903 vel
1532 2857 1795 2903 resciverit
1829 2857 1891 2904 ab
1925 2858 2058 2915 aliis,
2081 2871 2260 2919 nempe
2292 2859 2391 2906 fide
2413 2858 2495 2905 di-

1419 2929 1534 2989 gnis
1570 2929 1637 2983 (S.
1673 2928 1837 2989 Alph.,
1872 2929 2006 2987 994);
2040 2929 2253 2990 ideoque
2280 2943 2379 2977 non
2400 2932 2482 2977 te-

1421 3002 1571 3045 netur
1604 3001 1645 3044 si
1671 3013 1771 3045 non
1797 3000 2032 3046 meminit
2054 3014 2082 3047 a
2103 3013 2203 3060 quo
2225 3001 2488 3049 resciverit

1421 3071 1595 3125 <Pont.‚
1622 3071 1679 3125 V,
1714 3071 1787 3123 34,
1814 3071 1861 3125 1;
1901 3070 1971 3115 De
1992 3070 2143 3125 Just„
2175 3070 2237 3126 ΙΙ,
2267 3071 2334 3127 19,
2363 3071 2487 3132 212),

1422 3141 1500 3187 vel
1536 3142 1800 3187 resciverit
1849 3156 1878 3188 a
1929 3155 2142 3202 persona
2189 3141 2318 3189 nihil
2363 3143 2488 3190 certi

1422 3215 1613 3258 sciente
1647 3213 1867 3269 (Sanch.,
1890 3225 1937 3257 n.
1963 3213 2026 3270 7).
2058 3213 2124 3258 Et
2155 3213 2203 3258 3⁰
2234 3212 2356 3260 licet
2379 3226 2487 3274 pro-

1422 3282 1527 3329 bari
1562 3296 1660 3329 non
1695 3283 1860 3342 possit
1890 3283 1959 3340 (S.
1982 3282 2149 3342 Alph.,
2170 3283 2300 3342 995„
2331 3284 2491 3330 immo

1422 3355 1520 3399 etsi
1556 3354 1665 3413 ipse
1701 3354 1828 3399 illud
1867 3355 2113 3413 acceperit
2155 3354 2251 3401 sub
2295 3356 2487 3401 secreto
2544 3358 2549 3361 “
2583 3413 2586 3415 Β

1422 3426 1691 3470 commisso
1719 3425 1933 3476 (Sanch.‚
1958 3423 2044 3478 III,
2072 3425 2139 3479 13,
2163 3425 2212 3480 5;
2237 3423 2310 3469 De
2337 3423 2489 3480 Just„

1422 3496 1502 3557 211
1526 3509 1537 3547 ;
1587 3494 1634 3541 S.
1669 3495 1835 3554 Alph.,
1881 3494 1994 3552 9943
2043 3493 2130 3548 III,
2167 3494 2294 3547 971).
2337 3494 2486 3540 Porro

1422 3565 1592 3610 Nostri
1627 3564 1963 3611 communiter
1996 3564 2195 3618 docent,
2237 3565 2351 3610 ante
2394 3563 2488 3609 de·
2580 3596 2589 3609 .

1422 3636 1797 3681 nunciationem
1819 3647 2035 3694 sponsos
2055 3635 2196 3694 prius
2216 3633 2487 3680 admonen-

1425 3705 1515 3750 dos
1549 3718 1675 3759 esse,
1710 3710 1768 3750 ut
1802 3719 1831 3751 a
1864 3704 2187 3750 matrimonio
2220 3703 2491 3751 desistant.
2565 3755 2567 3758 ,

1424 3774 1566 3832 Quod
1600 3775 1895 3834 plerumque
1943 3773 2290 3821 inconsultum
2336 3777 2484 3834 puto:
2565 3795 2569 3799 ·

1422 3858 1541 3890 nam
1572 3847 1617 3891 si
1650 3845 1839 3891 frustra
1872 3843 2119 3891 admoniti
2144 3843 2360 3891 subinde
2389 3857 2492 3892 ma·
2564 3843 2578 3913 '13
