2632 4094
199 121 299 180 364
790 140 935 181 man
969 141 1037 181 ιιι.
1071 151 1097 166 ·
1129 140 1302 181 mer.
1335 141 1403 180 vi.
1436 140 1503 179 na·
1538 138 1848 182 ιΑτιιιιοιιιο
2190 110 2210 117 ”
2287 114 2301 118 ”
2359 109 2362 116 ’
2391 97 2610 200 ᾗ,

272 226 399 282 460.
429 226 604 281 Porro
625 225 724 296 qui
748 226 1056 295 exemptus
1085 240 1124 281 a
1148 223 1490 281 Tridentino
1516 223 1814 281 contrahit
1835 223 2272 284 matrimonium
2298 189 2523 285 cuns
2539 219 2547 272 ⁷-

195 330 266 373 eo
305 315 405 386 qui
445 314 787 371 Tridentino
828 316 920 371 est
946 313 1251 379 obnoxius,
1293 314 1352 369 in
1393 313 1522 370 loco
1562 313 1660 369 ubi
1702 314 1811 370 hoc
1838 328 1953 371 non
1979 303 2166 387 viget,
2193 315 2292 374 vel
2331 316 2432 374 ubi

194 406 423 461 obtinet
451 405 772 461 declaratio
799 404 1102 461 Benedicti
1127 404 1281 470 XIV,
1306 403 1699 474 privilegium,
1723 407 1961 474 propter
1986 406 2322 463 contractus
2348 404 2445 477 in-¹

195 494 626 557 dividuitatem,
654 494 832 550 alteri
863 494 1015 567 parti
1046 494 1437 549 communicat
1466 491 1522 567 (ἓ
1543 494 1671 559 452,
1689 492 1770 567 3),
1800 494 1926 551 sive
1961 493 2085 566 ipse
2114 494 2438 553 catholicus

194 584 275 639 sit
301 583 429 638 sive
467 583 877 639 schismaticus
917 584 1044 639 sive
1078 583 1435 646 haereticus,
1464 586 1526 639 et
1552 583 1750 638 valide
1792 585 2147 640 contrahunt
2177 584 2307 641 sine
2339 598 2438 656 pa·

196 673 371 728 rocho
398 675 458 728 et
487 674 740 729 testibus
769 672 895 745 (55).
926 673 1014 727 Ad
1043 673 1332 736 ultimum,
1362 671 1472 727 etsi
1517 670 1575 727 in
1617 671 1852 742 legibus
1881 673 2247 732 irritantibus
2286 670 2462 731 nulli

195 763 502 832 epichejae
543 762 620 818 sit
660 763 820 819 locus
859 761 1028 832 (Prol.
1070 763 1107 830 ς
1146 762 1304 834 216);
1349 761 1728 818 nihilominus
1773 762 1968 818 valide
2008 763 2134 820 sine
2186 765 2436 836 parocho

195 852 630 907 matrimonium
661 853 1030 908 contrahitur
1055 854 1129 907 ab
1160 852 1265 916 his,
1295 852 1392 923 qui
1438 851 1600 907 illum
1642 854 1723 906 vel
1746 854 1950 905 omnino
1975 853 2156 909 habore
2187 870 2288 908 ποπ
2317 849 2463 926 120ss

194 949 337 1007 sunt,
365 943 672 997 dummodo
713 958 907 998 coram
947 943 1171 998 duobus
1212 942 1462 997 testibus
1493 941 1727 998 ineatur
1753 942 1897 1014 (56);
1929 943 2022 999 vel
2056 946 2268 998 nonnisi
2302 946 2436 1013 diffl-

193 1034 384 1087 cillime
423 1039 474 1087 et
500 1035 935 1103 periculosissime
973 1034 1047 1088 ad
1090 1048 1222 1087 eum
1265 1047 1572 1088 recurrere
1614 1034 1857 1102 possunt
1883 1032 2015 1105 (57).

267 1123 395 1178 461.
434 1123 564 1192 Age
607 1138 780 1186 nunc,
822 1122 1127 1177 videamus
1166 1121 1650 1193 quemadmodum
1694 1123 1979 1191 parochus
2020 1125 2080 1178 et
2122 1123 2308 1179 testes
2347 1121 2432 1178 in-

192 1215 418 1270 teresse
460 1213 715 1267 debeant
756 1211 1143 1267 matrimoniis
1184 1211 1614 1266 contrahendis.
1645 1210 1938 1282 Principio
1979 1211 2164 1281 igitur
2199 1214 2435 1283 propter

191 1301 451 1356 favorem
491 1302 847 1355 matrimonii
891 1303 1076 1356 testes
1115 1300 1381 1356 adhiberi
1425 1305 1685 1370 possunt,
1713 1302 2021 1356 dummodo
2062 1301 2180 1356 sint
2221 1296 2465 1378 naturas

192 1391 383 1446 idonei
414 1392 504 1459 (V.
534 1392 601 1452 II,
631 1393 758 1453 312,
788 1392 854 1460 1),
887 1390 1069 1446 etiam
1086 1391 1223 1460 jure
1259 1388 1564 1453 inhabiles,
1601 1395 1667 1445 ut
1708 1390 1952 1446 infames
1980 1389 2109 1462 (58).
2139 1379 2458 1450 parochus-¹

193 1496 423 1551 quoque
454 1482 598 1534 adest
617 1478 753 1551 (non
779 1477 1037 1551 praeest)
1065 1479 1229 1550 quasi
1260 1479 1431 1533 testis
1470 1481 1805 1550 qualificatus
1832 1480 2262 1551 (authorizabilis)
2277 1501 2298 1548 ;
2328 1496 2438 1537 nec

191 1572 314 1626 ulla
341 1586 446 1625 seu
472 1570 692 1624 ordinis
713 1586 818 1625 seu
831 1569 1262 1639 Jurisdictionis
1287 1571 1576 1638 potestate
1600 1570 1805 1632 utitur,
1826 1571 1929 1625 sed
1951 1570 2119 1640 quasi
2145 1570 2435 1626 ecclesiae

190 1662 466 1717 mandato
496 1661 661 1715 velut
689 1661 759 1715 ad
784 1660 975 1714 instar
993 1658 1426 1729 jurisdictionis
1454 1658 1642 1712 officio
1669 1659 2026 1714 cohaerente
2052 1659 2180 1730 (59).
2220 1659 2344 1714 Hac
2370 1674 2436 1716 re

190 1752 371 1814 licite,
403 1751 516 1805 etsi
545 1750 645 1804 vix
687 1749 938 1804 clericus
970 1749 1105 1819 (60);
1141 1751 1200 1803 et
1229 1748 1443 1811 valide,
1478 1747 1588 1802 etsi
1631 1748 1908 1804 vitandus
1939 1746 2047 1820 (61)
2075 1748 2170 1805 vel
2196 1750 2433 1804 acatho-

189 1841 338 1896 licus
366 1840 497 1912 (62),
543 1839 790 1894 interest
830 1838 1240 1893 matrimoniis:
1285 1842 1345 1892 et
1387 1838 1580 1894 valide
1622 1841 1684 1894 et
1725 1839 1887 1895 licite
1917 1839 2098 1894 etiam
2137 1838 2199 1894 in
2237 1839 2436 1895 alieno

254 2052 313 2097 55
345 2052 461 2098 Ben.
498 2048 633 2103 XIV,
666 2049 717 2094 ll.
751 2062 819 2095 cc.
857 2048 902 2094 S.
937 2048 993 2093 U.
1038 2047 1075 2093 Ι.
1112 2047 1261 2093 Instr.

195 2124 284 2168 ser.
321 2122 380 2169 V.
412 2122 441 2165 2
488 2121 623 2166 Iunii
657 2121 788 2165 1808.
835 2120 984 2166 Porro
1033 2119 1262 2164 extensio

199 2193 554 2240 Benedictinae
606 2192 798 2251 pluries
851 2205 939 2251 pro
993 2190 1263 2236 haereticis

199 2264 479 2311 Galliarum
501 2264 657 2323 petita
674 2276 873 2321 semper
896 2261 1144 2320 denegata
1167 2260 1265 2306 fuit

199 2336 371 2396 (Feije,
395 2339 424 2389 ἓ
456 2336 586 2387 324);
612 2348 701 2379 nec
736 2346 963 2394 unquam
987 2334 1152 2378 locum
1176 2331 1262 2377 ha-

197 2406 308 2453 buit
342 2407 391 2451 in
418 2406 679 2464 Hispania,
703 2404 992 2457 Lusitania,
1018 2402 1169 2448 Italia
1190 2403 1263 2448 in-

197 2476 426 2535 sulisque
455 2474 805 2535 adjacentibus
836 2474 930 2529 (Id.
965 2475 993 2532 ξ
1029 2474 1153 2527 323).

251 2547 313 2591 56
346 2547 465 2591 Pius
499 2546 583 2599 VI,
613 2549 692 2590 Ad
715 2547 805 2602 Ep.
832 2546 1039 2590 Lucion.
1062 2544 1120 2588 28
1144 2543 1262 2603 Maji

200 2617 326 2661 1793.

256 2689 314 2732 57
364 2687 484 2733 Pius
534 2687 618 2737 VI,
665 2691 747 2734 Ad
796 2689 968 2745 Epire.
1021 2688 1262 2735 Geneven.

195 2761 224 2804 5
258 2759 365 2806 Oct.
407 2758 533 2805 1793.
567 2759 715 2805 Porro
733 2760 828 2813 jus
852 2761 1033 2815 aptari
1054 2770 1158 2804 non
1180 2761 1264 2804 de·

197 2834 274 2877 bet
305 2833 387 2876 his
410 2844 543 2888 quae
558 2843 787 2887 perraro
806 2833 1055 2877 eveniunt
1073 2829 1195 2887 (LL.
1221 2828 1263 2886 3,

196 2907 239 2956 4,
271 2903 313 2947 5.
350 2903 423 2948 De
461 2903 665 2959 Lemo),
714 2902 823 2947 ideo
858 2914 1062 2948 necesse
1096 2902 1175 2946 est
1208 2903 1265 2944 ut

205 2974 247 3016 1⁰
281 2972 656 3018 incommodum
692 2972 985 3032 hujusmodi
1019 2972 1088 3017 sit
1124 2983 1261 3016 com-

198 3057 350 3087 mune
385 3042 533 3090 (prol.
566 3048 593 3096 ἓ
624 3043 718 3096 180,
751 3044 827 3094 18;
851 3043 1006 3102 Gury‚
1030 3042 1098 3092 II,
1131 3041 1263 3095 840);

200 3118 256 3157 ut
302 3114 353 3157 20
387 3114 706 3169 diuturnum,
756 3114 889 3159 idest
944 3112 1126 3158 saltem
1181 3123 1266 3169 per

201 3186 426 3243 spatium
477 3186 630 3230 unius
686 3186 877 3230 mensis
925 3183 992 3230 (S.
1025 3182 1083 3228 U.
1116 3182 1151 3227 1.
1187 3195 1264 3241 ap.

198 3254 438 3299 Ballerini
492 3256 553 3300 ad
589 3256 745 3315 Gury,
779 3256 809 3301 Ι.
844 3269 882 3300 c.
926 3256 1062 3312 840);
1110 3258 1267 3313 utque

199 3324 252 3369 3⁰
274 3326 526 3383 parochus
552 3328 729 3373 haberi
752 3341 851 3372 non
876 3328 1052 3386 possit,
1073 3330 1130 3371 ut
1154 3339 1267 3372 ecce

200 3396 335 3454 apud
355 3409 438 3440 eos
455 3397 540 3455 qui
562 3397 753 3453 degunt
774 3400 822 3443 in
843 3399 963 3443 locis
982 3397 1263 3442 infidelium

204 3467 274 3519 (S.
298 3467 464 3526 Alph.‚
490 3467 570 3522 VI,
603 3470 748 3526 1079),
780 3470 854 3514 vel
883 3469 1266 3523 haereticorum,

201 3539 285 3583 ubi
322 3540 606 3584 haereticus
635 3539 778 3584 solus
816 3541 1049 3585 minister
1081 3539 1268 3585 residet

206 3609 341 3662 (Ben.
364 3609 487 3663 XIV,
511 3611 584 3657 De
605 3611 719 3664 Syn.
744 3609 850 3662 XII,
870 3612 909 3662 5,
934 3613 994 3666 5).
1012 3609 1119 3655 Non
1144 3610 1265 3654 item

201 3691 263 3722 ex
286 3682 329 3722 10
348 3681 390 3723 si
408 3694 556 3725 casus
576 3680 855 3739 singularis
875 3684 1267 3739 occu1·1·at;v.c.,

202 3749 247 3792 si
290 3749 555 3806 parochus,
602 3764 661 3794 ne
706 3751 906 3795 intersit
948 3751 1267 3795 matrimonio

204 3816 324 3862 Titii
345 3824 391 3862 et
412 3819 565 3878 Sejae‚
586 3821 666 3865 cui
686 3820 889 3865 obstant
908 3824 1160 3879 parentes,
1179 3824 1268 3866 aut

1368 2046 1467 2103 lex,
1488 2045 1591 2092 illis
1615 2046 1809 2100 invitis,
1841 2046 2014 2101 lateat,
2049 2047 2129 2093 vel
2151 2049 2204 2093 in
2229 2048 2435 2095 remotis
2520 2055 2523 2058 '

1369 2121 1503 2176 agat,
1524 2117 1620 2162 etsi
1654 2116 1762 2164 diu:
1799 2130 1891 2163 nec
1924 2118 1977 2162 in
2011 2116 2225 2164 articulo
2258 2119 2437 2166 mortis

1372 2189 1593 2245 (Sanch.,
1613 2189 1708 2243 ΠΙ,
1737 2190 1804 2242 17,
1836 2191 1889 2244 4;
1923 2189 2078 2245 Pont„
2104 2188 2164 2245 V,
2185 2191 2228 2246 6,
2251 2190 2318 2247 3):
2347 2204 2438 2239 nec

1371 2274 1432 2306 ex
1453 2261 1501 2303 3⁰
1517 2262 1562 2306 si
1581 2260 1708 2306 nolit
1729 2261 1977 2307 interesse
2001 2261 2356 2318 matrimoniis,
2375 2275 2438 2309 ne
2511 2305 2515 2308 .

1367 2332 1418 2376 in
1431 2343 1619 2390 poenas
1633 2329 1802 2390 legum
1819 2331 2047 2377 civilium
2063 2333 2306 2384 incurram
2322 2345 2367 2378 v.
2378 2345 2439 2389 c.,
2456 2370 2460 2375 .

1367 2402 1412 2447 si
1438 2401 1594 2447 vidua
1625 2401 1812 2446 nubere
1837 2401 1959 2447 velit
1982 2401 2178 2449 decimo
2213 2415 2384 2450 mense
2407 2417 2440 2451 a

1369 2475 1531 2517 morte
1570 2473 1665 2517 viri
1714 2471 1940 2517 nondum
1990 2472 2176 2532 elaps0,
2225 2477 2316 2520 aut
2362 2474 2442 2520 vir
2475 2469 2485 2476 ’

1366 2529 1597 2587 nondum
1631 2555 1754 2587 suae
1788 2543 1986 2589 aetatis.

1425 2614 1484 2658 58
1518 2612 1575 2659 V.
1607 2613 1671 2668 ΙΙ,
1704 2618 1735 2668 g
1765 2614 1871 2670 312,
1909 2615 1944 2658 1.
1974 2614 2101 2660 Item
2133 2615 2438 2675 impuberes,

1368 2684 1612 2731 moniales
1643 2684 1862 2743 (Sanch.,
1896 2684 1986 2738 ΙΙΙ,
2018 2686 2094 2743 41,
2115 2686 2159 2732 5.
2182 2685 2254 2732 De
2287 2687 2438 2747 Just„
2479 2698 2481 2705 ·

1364 2754 1427 2809 11,
1458 2755 1525 2808 19,
1547 2755 1640 2813 97),
1664 2758 1898 2814 parentes
1922 2756 2000 2813 (C.
2023 2757 2067 2812 2,
2091 2757 2190 2806 Qui
2206 2759 2438 2806 matrim.
2471 2774 2480 2783 ¹

1366 2837 1535 2870 accus.

1427 2897 1485 2941 59
1521 2897 1716 2949 Sanch.,
1761 2895 1846 2952 ΙΙΙ,
1879 2897 1954 2951 21,
1997 2912 2082 2944 nn.
2118 2903 2159 2958 4,
2192 2901 2248 2954 73
2282 2898 2436 2952 Pont„

1365 2969 1410 3024 5,
1451 2969 1520 3024 17,
1552 2970 1594 3013 6.

1428 3039 1486 3084 60
1508 3039 1560 3086 S.
1577 3040 1630 3088 C.
1650 3040 1723 3095 C.,
1745 3041 1796 3084 12
1813 3040 1959 3086 Mart.
1986 3040 2115 3096 1693,
2149 3053 2227 3100 ap.
2263 3039 2437 3094 Piton.,

1369 3110 1414 3155 Ιι.
1452 3115 1484 3155 t.
1520 3124 1567 3155 n.
1606 3110 1702 3156 106.
1725 3111 1892 3156 Etiam
1926 3114 2042 3171 post
2074 3122 2282 3164 annum,
2306 3111 2440 3157 intra

1370 3195 1535 3241 quem,
1580 3181 1987 3241 presbyteratum
2044 3182 2302 3241 suscipere
2345 3180 2435 3228 de-

1370 3253 1567 3299 buisset
1586 3253 1651 3310 (S.
1669 3254 1719 3302 C.
1734 3254 1799 3308 C„
1818 3254 1872 3297 12
1889 3253 2031 3298 Mart.
2058 3253 2193 3312 15833
2214 3251 2437 3312 S.Alph.,

1372 3325 1454 3377 VI,
1495 3325 1643 3382 1081).

1431 3395 1482 3438 61
1524 3396 1569 3442 S.
1595 3395 1763 3455 Alpis„
1788 3394 1869 3450 VI,
1902 3395 2028 3440 1082.
2051 3394 2295 3451 Quamvis
2319 3393 2439 3454 Epi·

1371 3479 1557 3525 scopus
1584 3466 1632 3511 id
1653 3466 1884 3526 parocho,
1909 3465 1988 3510 vel
2012 3465 2073 3510 ud
2098 3467 2280 3509 nutum
2305 3475 2438 3510 amo·

1374 3537 1512 3583 vibili
1550 3538 1616 3593 (S.
1647 3538 1699 3585 C.
1724 3538 1792 3593 C.,
1817 3550 1892 3595 ap.
1918 3534 2117 3588 Sanch.,
2140 3534 2226 3590 ΙΙΙ,
2250 3533 2323 3587 21,
2352 3533 2439 3593 12),

1373 3608 1671 3653 nominatim
1712 3607 1929 3652 vetuerit
1968 3605 2034 3663 (S.
2065 3603 2230 3664 Alph„
2271 3603 2422 3661 1083).

1434 3679 1491 3721 62
1513 3678 1752 3733 Albitius,
1776 3679 1850 3723 De
1873 3678 2097 3722 Inconst.
2123 3675 2295 3728 Fidei,
2316 3674 2434 3734 Cap.

1371 3748 1444 3802 20,
1471 3763 1515 3792 n.
1541 3749 1582 3802 2,
1608 3752 1781 3794 contra
1803 3747 2026 3806 Fagnan.
2055 3745 2163 3791 Hac
2190 3758 2242 3789 re
2267 3743 2437 3791 valida

1371 3824 1494 3863 sunt
1539 3819 1859 3865 matrimonia
1908 3819 2164 3862 contracta
2215 3816 2322 3860 sive
2371 3814 2433 3861 ab
