<?xml version="1.0" encoding="UTF-8"?>
<!DOCTYPE html PUBLIC "-//W3C//DTD XHTML 1.0 Transitional//EN"
    "http://www.w3.org/TR/xhtml1/DTD/xhtml1-transitional.dtd">
<html xmlns="http://www.w3.org/1999/xhtml" xml:lang="en" lang="en">
 <head>
  <title>
</title>
<meta http-equiv="Content-Type" content="text/html;charset=utf-8" />
  <meta name='ocr-system' content='tesseract 3.04.00' />
  <meta name='ocr-capabilities' content='ocr_page ocr_carea ocr_par ocr_line ocrx_word'/>
</head>
<body>
  <div class='ocr_page' id='page_1' title='image "./summulatheologia03anni_0246.png"; bbox 0 0 2632 4094; ppageno 0'>
   <div class='ocr_carea' id='block_1_1' title="bbox 2170 0 2632 246">
    <p class='ocr_par' dir='ltr' id='par_1_1' title="bbox 2170 0 2632 246">
     <span class='ocr_line' id='line_1_1' title="bbox 2170 0 2632 246; baseline 0 3848"><span class='ocrx_word' id='word_1_1' title='bbox 2170 0 2632 246; x_wconf 95' lang='lat' dir='ltr'> </span> 
     </span>
    </p>
   </div>
   <div class='ocr_carea' id='block_1_2' title="bbox 217 169 2117 225">
    <p class='ocr_par' dir='ltr' id='par_1_2' title="bbox 217 169 2117 225">
     <span class='ocr_line' id='line_1_2' title="bbox 217 169 2117 225; baseline -0.002 0"><span class='ocrx_word' id='word_1_2' title='bbox 217 169 317 225; x_wconf 68' lang='lat'>24‘2</span> <span class='ocrx_word' id='word_1_3' title='bbox 559 185 699 224; x_wconf 72' lang='lat' dir='ltr'>maen</span> <span class='ocrx_word' id='word_1_4' title='bbox 737 186 800 222; x_wconf 84' lang='grc' dir='ltr'><strong>ιιι.</strong></span> <span class='ocrx_word' id='word_1_5' title='bbox 835 197 859 208; x_wconf 90' lang='grc'>-</span> <span class='ocrx_word' id='word_1_6' title='bbox 893 183 1066 223; x_wconf 53' lang='lat' dir='ltr'>raso-r.</span> <span class='ocrx_word' id='word_1_7' title='bbox 1102 182 1150 220; x_wconf 82' lang='lat'>11.</span> <span class='ocrx_word' id='word_1_8' title='bbox 1188 183 1253 221; x_wconf 75' lang='lat' dir='ltr'>ns</span> <span class='ocrx_word' id='word_1_9' title='bbox 1287 180 1626 221; x_wconf 67' lang='lat' dir='ltr'>smmum-is</span> <span class='ocrx_word' id='word_1_10' title='bbox 1661 179 2117 222; x_wconf 51' lang='lat' dir='ltr'>caanncrsmsricis</span> 
     </span>
    </p>
   </div>
   <div class='ocr_carea' id='block_1_3' title="bbox 2047 339 2075 356">
    <p class='ocr_par' dir='ltr' id='par_1_3' title="bbox 2047 339 2075 356">
     <span class='ocr_line' id='line_1_3' title="bbox 2047 339 2075 356; baseline 0 0"><span class='ocrx_word' id='word_1_11' title='bbox 2047 339 2075 356; x_wconf 66' lang='grc' dir='ltr'>’ὅ</span> 
     </span>
    </p>
   </div>
   <div class='ocr_carea' id='block_1_4' title="bbox 843 354 1830 420">
    <p class='ocr_par' dir='ltr' id='par_1_4' title="bbox 843 354 1830 420">
     <span class='ocr_line' id='line_1_4' title="bbox 843 354 1830 420; baseline -0.002 -10"><span class='ocrx_word' id='word_1_12' title='bbox 843 357 991 410; x_wconf 78' lang='lat' dir='ltr'>AR&#39;r.</span> <span class='ocrx_word' id='word_1_13' title='bbox 1020 354 1088 409; x_wconf 89' lang='lat'>11.</span> <span class='ocrx_word' id='word_1_14' title='bbox 1118 356 1196 408; x_wconf 75' lang='lat' dir='ltr'>Do</span> <span class='ocrx_word' id='word_1_15' title='bbox 1235 357 1473 408; x_wconf 77' lang='lat' dir='ltr'>ministro</span> <span class='ocrx_word' id='word_1_16' title='bbox 1513 360 1560 407; x_wconf 79' lang='lat' dir='ltr'>et</span> <span class='ocrx_word' id='word_1_17' title='bbox 1597 354 1830 420; x_wconf 62' lang='lat' dir='ltr'>subjecto.</span> 
     </span>
    </p>
   </div>
   <div class='ocr_carea' id='block_1_5' title="bbox 222 509 2552 1678">
    <p class='ocr_par' dir='ltr' id='par_1_5' title="bbox 222 509 2552 1678">
     <span class='ocr_line' id='line_1_5' title="bbox 313 509 2552 607; baseline -0.002 -13"><span class='ocrx_word' id='word_1_18' title='bbox 313 539 440 594; x_wconf 79' lang='lat'><strong>292.</strong></span> <span class='ocrx_word' id='word_1_19' title='bbox 481 535 732 590; x_wconf 77' lang='lat' dir='ltr'>Ministri</span> <span class='ocrx_word' id='word_1_20' title='bbox 775 534 1161 590; x_wconf 78' lang='lat' dir='ltr'>ordinationis</span> <span class='ocrx_word' id='word_1_21' title='bbox 1214 537 1355 589; x_wconf 81' lang='lat' dir='ltr'>sunt</span> <span class='ocrx_word' id='word_1_22' title='bbox 1395 533 1680 603; x_wconf 75' lang='lat' dir='ltr'>Episcopi.</span> <span class='ocrx_word' id='word_1_23' title='bbox 1724 534 1797 588; x_wconf 81' lang='lat' dir='ltr'>Et</span> <span class='ocrx_word' id='word_1_24' title='bbox 1837 534 2032 590; x_wconf 79' lang='lat' dir='ltr'>valide</span> <span class='ocrx_word' id='word_1_25' title='bbox 2080 534 2274 607; x_wconf 77' lang='lat' dir='ltr'>quivis</span> <span class='ocrx_word' id='word_1_26' title='bbox 2314 534 2459 606; x_wconf 84' lang='lat' dir='ltr'>Epi·</span> <span class='ocrx_word' id='word_1_27' title='bbox 2547 509 2552 523; x_wconf 89' lang='lat'><em>&#39;</em></span> 
     </span>
     <span class='ocr_line' id='line_1_6' title="bbox 222 621 2459 698; baseline -0.001 -14"><span class='ocrx_word' id='word_1_28' title='bbox 222 643 431 698; x_wconf 88' lang='lat' dir='ltr'>scopus</span> <span class='ocrx_word' id='word_1_29' title='bbox 460 626 688 681; x_wconf 82' lang='lat' dir='ltr'>confert</span> <span class='ocrx_word' id='word_1_30' title='bbox 715 624 974 679; x_wconf 79' lang='lat' dir='ltr'><strong>ordines:</strong></span> <span class='ocrx_word' id='word_1_31' title='bbox 1007 624 1165 678; x_wconf 86' lang='lat' dir='ltr'>licite</span> <span class='ocrx_word' id='word_1_32' title='bbox 1198 640 1333 676; x_wconf 77' lang='lat' dir='ltr'>suus</span> <span class='ocrx_word' id='word_1_33' title='bbox 1360 627 1590 677; x_wconf 84' lang='lat' dir='ltr'>tantum</span> <span class='ocrx_word' id='word_1_34' title='bbox 1617 621 1708 694; x_wconf 86' lang='lat'>(1).</span> <span class='ocrx_word' id='word_1_35' title='bbox 1733 623 1882 678; x_wconf 86' lang='lat' dir='ltr'>Suus</span> <span class='ocrx_word' id='word_1_36' title='bbox 1909 621 2107 680; x_wconf 82' lang='lat' dir='ltr'>autem</span> <span class='ocrx_word' id='word_1_37' title='bbox 2134 625 2459 696; x_wconf 83' lang='lat' dir='ltr'>Episcopus</span> 
     </span>
     <span class='ocr_line' id='line_1_7' title="bbox 222 712 2462 781; baseline -0.001 -9"><span class='ocrx_word' id='word_1_38' title='bbox 222 717 438 772; x_wconf 79' lang='lat' dir='ltr'>dicitur</span> <span class='ocrx_word' id='word_1_39' title='bbox 479 716 704 770; x_wconf 83' lang='lat' dir='ltr'>ratione</span> <span class='ocrx_word' id='word_1_40' title='bbox 735 713 830 769; x_wconf 86' lang='lat' dir='ltr'>vel</span> <span class='ocrx_word' id='word_1_41' title='bbox 872 713 1134 781; x_wconf 86' lang='lat' dir='ltr'>originis,</span> <span class='ocrx_word' id='word_1_42' title='bbox 1166 712 1251 767; x_wconf 90' lang='lat' dir='ltr'>vel</span> <span class='ocrx_word' id='word_1_43' title='bbox 1296 712 1591 775; x_wconf 85' lang='lat' dir='ltr'>domicilii,</span> <span class='ocrx_word' id='word_1_44' title='bbox 1623 712 1717 767; x_wconf 86' lang='lat' dir='ltr'>vel</span> <span class='ocrx_word' id='word_1_45' title='bbox 1761 713 2050 778; x_wconf 82' lang='lat' dir='ltr'>beneficii,</span> <span class='ocrx_word' id='word_1_46' title='bbox 2080 714 2173 770; x_wconf 88' lang='lat' dir='ltr'>vel</span> <span class='ocrx_word' id='word_1_47' title='bbox 2217 713 2462 770; x_wconf 81' lang='lat' dir='ltr'>famula-</span> 
     </span>
     <span class='ocr_line' id='line_1_8' title="bbox 223 802 2462 875; baseline -0.001 -13"><span class='ocrx_word' id='word_1_48' title='bbox 223 812 319 862; x_wconf 85' lang='lat' dir='ltr'>tus</span> <span class='ocrx_word' id='word_1_49' title='bbox 362 806 461 875; x_wconf 76' lang='lat'>(2);</span> <span class='ocrx_word' id='word_1_50' title='bbox 499 805 647 859; x_wconf 84' lang='lat' dir='ltr'>alias</span> <span class='ocrx_word' id='word_1_51' title='bbox 700 819 842 859; x_wconf 90' lang='lat' dir='ltr'>suus</span> <span class='ocrx_word' id='word_1_52' title='bbox 881 802 1201 871; x_wconf 78' lang='lat' dir='ltr'>Episcopus</span> <span class='ocrx_word' id='word_1_53' title='bbox 1243 806 1334 856; x_wconf 87' lang='lat' dir='ltr'>est</span> <span class='ocrx_word' id='word_1_54' title='bbox 1375 802 1424 855; x_wconf 93' lang='lat' dir='ltr'>is</span> <span class='ocrx_word' id='word_1_55' title='bbox 1467 802 1524 856; x_wconf 90' lang='lat' dir='ltr'>in</span> <span class='ocrx_word' id='word_1_56' title='bbox 1581 803 1750 871; x_wconf 89' lang='lat' dir='ltr'>cujus</span> <span class='ocrx_word' id='word_1_57' title='bbox 1791 802 2046 858; x_wconf 90' lang='lat' dir='ltr'>dioecesi</span> <span class='ocrx_word' id='word_1_58' title='bbox 2099 803 2462 860; x_wconf 84' lang='lat' dir='ltr'>ordinandus</span> 
     </span>
     <span class='ocr_line' id='line_1_9' title="bbox 223 888 2483 963; baseline -0 -13"><span class='ocrx_word' id='word_1_59' title='bbox 223 899 402 952; x_wconf 84' lang='lat' dir='ltr'>natus</span> <span class='ocrx_word' id='word_1_60' title='bbox 430 897 537 958; x_wconf 85' lang='lat' dir='ltr'>est,</span> <span class='ocrx_word' id='word_1_61' title='bbox 579 898 682 948; x_wconf 86' lang='lat' dir='ltr'>aut</span> <span class='ocrx_word' id='word_1_62' title='bbox 712 893 872 947; x_wconf 88' lang='lat' dir='ltr'>nasci</span> <span class='ocrx_word' id='word_1_63' title='bbox 917 892 1122 947; x_wconf 83' lang='lat' dir='ltr'>debuit</span> <span class='ocrx_word' id='word_1_64' title='bbox 1147 890 1316 961; x_wconf 87' lang='lat' dir='ltr'>(Prol.</span> <span class='ocrx_word' id='word_1_65' title='bbox 1345 893 1383 959; x_wconf 69' lang='grc' dir='ltr'>ἓ</span> <span class='ocrx_word' id='word_1_66' title='bbox 1409 893 1498 954; x_wconf 78' lang='lat'>82,</span> <span class='ocrx_word' id='word_1_67' title='bbox 1530 890 1619 961; x_wconf 82' lang='grc'>2);</span> <span class='ocrx_word' id='word_1_68' title='bbox 1651 892 1745 945; x_wconf 84' lang='lat' dir='ltr'>vel</span> <span class='ocrx_word' id='word_1_69' title='bbox 1778 894 2123 963; x_wconf 84' lang='lat' dir='ltr'>perpetuam</span> <span class='ocrx_word' id='word_1_70' title='bbox 2155 888 2483 951; x_wconf 83' lang='lat' dir='ltr'>habitatio·&#39;</span> 
     </span>
     <span class='ocr_line' id='line_1_10' title="bbox 222 981 2465 1054; baseline -0 -14"><span class='ocrx_word' id='word_1_71' title='bbox 222 1002 358 1041; x_wconf 87' lang='lat' dir='ltr'>nem</span> <span class='ocrx_word' id='word_1_72' title='bbox 399 985 509 1039; x_wconf 89' lang='lat' dir='ltr'>sibi</span> <span class='ocrx_word' id='word_1_73' title='bbox 552 983 860 1038; x_wconf 84' lang='lat' dir='ltr'>constituit</span> <span class='ocrx_word' id='word_1_74' title='bbox 900 981 999 1051; x_wconf 90' lang='lat'>(3);</span> <span class='ocrx_word' id='word_1_75' title='bbox 1031 981 1125 1036; x_wconf 84' lang='lat' dir='ltr'>vel</span> <span class='ocrx_word' id='word_1_76' title='bbox 1169 996 1513 1049; x_wconf 86' lang='lat' dir='ltr'>congruum,</span> <span class='ocrx_word' id='word_1_77' title='bbox 1556 981 1839 1036; x_wconf 84' lang='lat' dir='ltr'>detractis</span> <span class='ocrx_word' id='word_1_78' title='bbox 1879 981 2178 1048; x_wconf 82' lang='lat' dir='ltr'>oneribuS,</span> <span class='ocrx_word' id='word_1_79' title='bbox 2219 982 2465 1054; x_wconf 84' lang='lat' dir='ltr'>pacifice</span> 
     </span>
     <span class='ocr_line' id='line_1_11' title="bbox 224 1069 2491 1144; baseline -0.001 -14"><span class='ocrx_word' id='word_1_80' title='bbox 224 1074 574 1130; x_wconf 81' lang='lat' dir='ltr'>beneficium</span> <span class='ocrx_word' id='word_1_81' title='bbox 612 1070 833 1143; x_wconf 74' lang='lat' dir='ltr'>possidet</span> <span class='ocrx_word' id='word_1_82' title='bbox 857 1069 958 1142; x_wconf 78' lang='grc'>(4);</span> <span class='ocrx_word' id='word_1_83' title='bbox 990 1071 1084 1125; x_wconf 80' lang='lat' dir='ltr'>vel</span> <span class='ocrx_word' id='word_1_84' title='bbox 1127 1085 1391 1141; x_wconf 90' lang='lat' dir='ltr'>quocum,</span> <span class='ocrx_word' id='word_1_85' title='bbox 1434 1072 1497 1124; x_wconf 84' lang='lat' dir='ltr'>at</span> <span class='ocrx_word' id='word_1_86' title='bbox 1540 1086 1651 1125; x_wconf 89' lang='lat' dir='ltr'>non</span> <span class='ocrx_word' id='word_1_87' title='bbox 1694 1073 1910 1125; x_wconf 78' lang='lat' dir='ltr'>titulari</span> <span class='ocrx_word' id='word_1_88' title='bbox 1947 1074 2180 1127; x_wconf 84' lang='lat' dir='ltr'>tantum</span> <span class='ocrx_word' id='word_1_89' title='bbox 2222 1069 2324 1144; x_wconf 89' lang='lat'><strong>(5),</strong></span> <span class='ocrx_word' id='word_1_90' title='bbox 2353 1073 2491 1129; x_wconf 80' lang='lat' dir='ltr'>etsi‘</span> 
     </span>
     <span class='ocr_line' id='line_1_12' title="bbox 225 1158 2466 1233; baseline 0 -14"><span class='ocrx_word' id='word_1_91' title='bbox 225 1165 375 1219; x_wconf 82' lang='lat' dir='ltr'>forte</span> <span class='ocrx_word' id='word_1_92' title='bbox 429 1163 685 1217; x_wconf 84' lang='lat' dir='ltr'>noudum</span> <span class='ocrx_word' id='word_1_93' title='bbox 740 1162 1020 1230; x_wconf 81' lang='lat' dir='ltr'>Episcopo</span> <span class='ocrx_word' id='word_1_94' title='bbox 1065 1158 1159 1233; x_wconf 87' lang='lat'>(6),</span> <span class='ocrx_word' id='word_1_95' title='bbox 1202 1164 1607 1223; x_wconf 60' lang='lat' dir='ltr'>commoratus</span> <span class='ocrx_word' id='word_1_96' title='bbox 1651 1165 1711 1215; x_wconf 87' lang='lat' dir='ltr'>et</span> <span class='ocrx_word' id='word_1_97' title='bbox 1749 1176 1784 1214; x_wconf 86' lang='lat' dir='ltr'>a</span> <span class='ocrx_word' id='word_1_98' title='bbox 1826 1176 1939 1230; x_wconf 89' lang='lat' dir='ltr'>quo</span> <span class='ocrx_word' id='word_1_99' title='bbox 1984 1161 2142 1217; x_wconf 86' lang='lat' dir='ltr'>altus</span> <span class='ocrx_word' id='word_1_100' title='bbox 2195 1161 2306 1216; x_wconf 81' lang='lat' dir='ltr'>fuit</span> <span class='ocrx_word' id='word_1_101' title='bbox 2359 1177 2466 1233; x_wconf 84' lang='lat' dir='ltr'>per</span> 
     </span>
     <span class='ocr_line' id='line_1_13' title="bbox 223 1249 2467 1322; baseline 0 -15"><span class='ocrx_word' id='word_1_102' title='bbox 223 1253 548 1322; x_wconf 78' lang='lat' dir='ltr'>triennium</span> <span class='ocrx_word' id='word_1_103' title='bbox 581 1253 675 1321; x_wconf 88' lang='lat'><strong>(7).</strong></span> <span class='ocrx_word' id='word_1_104' title='bbox 694 1253 912 1305; x_wconf 90' lang='lat' dir='ltr'>Verum</span> <span class='ocrx_word' id='word_1_105' title='bbox 941 1251 1021 1303; x_wconf 72' lang='lat' dir='ltr'>hic</span> <span class='ocrx_word' id='word_1_106' title='bbox 1051 1264 1291 1304; x_wconf 84' lang='lat' dir='ltr'>necesse</span> <span class='ocrx_word' id='word_1_107' title='bbox 1322 1250 1500 1304; x_wconf 84' lang='lat' dir='ltr'>habet</span> <span class='ocrx_word' id='word_1_108' title='bbox 1527 1249 1793 1305; x_wconf 85' lang='lat' dir='ltr'>conferre</span> <span class='ocrx_word' id='word_1_109' title='bbox 1822 1251 2093 1304; x_wconf 84' lang='lat' dir='ltr'>ordinato</span> <span class='ocrx_word' id='word_1_110' title='bbox 2136 1265 2467 1321; x_wconf 85' lang='lat' dir='ltr'>congruum</span> 
     </span>
     <span class='ocr_line' id='line_1_14' title="bbox 227 1331 2479 1425; baseline -0 -28"><span class='ocrx_word' id='word_1_111' title='bbox 227 1342 597 1403; x_wconf 85' lang='lat' dir='ltr'>beneficium,</span> <span class='ocrx_word' id='word_1_112' title='bbox 643 1338 792 1394; x_wconf 83' lang='lat' dir='ltr'>infra</span> <span class='ocrx_word' id='word_1_113' title='bbox 834 1353 1094 1394; x_wconf 87' lang='lat' dir='ltr'>mensem</span> <span class='ocrx_word' id='word_1_114' title='bbox 1149 1339 1223 1392; x_wconf 84' lang='lat' dir='ltr'>ab</span> <span class='ocrx_word' id='word_1_115' title='bbox 1264 1338 1467 1392; x_wconf 86' lang='lat' dir='ltr'>ordine</span> <span class='ocrx_word' id='word_1_116' title='bbox 1508 1339 1601 1392; x_wconf 88' lang='lat' dir='ltr'>vel</span> <span class='ocrx_word' id='word_1_117' title='bbox 1645 1354 1681 1392; x_wconf 81' lang='lat' dir='ltr'>a</span> <span class='ocrx_word' id='word_1_118' title='bbox 1722 1342 1964 1394; x_wconf 85' lang='lat' dir='ltr'>tonsura</span> <span class='ocrx_word' id='word_1_119' title='bbox 2016 1340 2070 1394; x_wconf 90' lang='lat' dir='ltr'>ei</span> <span class='ocrx_word' id='word_1_120' title='bbox 2114 1340 2331 1396; x_wconf 82' lang='lat' dir='ltr'>collata</span> <span class='ocrx_word' id='word_1_121' title='bbox 2368 1331 2479 1425; x_wconf 61' lang='lat' dir='ltr'>(8).s</span> 
     </span>
     <span class='ocr_line' id='line_1_15' title="bbox 225 1426 2472 1502; baseline -0 -15"><span class='ocrx_word' id='word_1_122' title='bbox 225 1433 434 1502; x_wconf 83' lang='lat' dir='ltr'>Itaque</span> <span class='ocrx_word' id='word_1_123' title='bbox 473 1430 798 1485; x_wconf 86' lang='lat' dir='ltr'>ordinando</span> <span class='ocrx_word' id='word_1_124' title='bbox 840 1429 1139 1496; x_wconf 85' lang='lat' dir='ltr'>integrum</span> <span class='ocrx_word' id='word_1_125' title='bbox 1181 1429 1271 1482; x_wconf 90' lang='lat' dir='ltr'>est</span> <span class='ocrx_word' id='word_1_126' title='bbox 1313 1427 1540 1495; x_wconf 81' lang='lat' dir='ltr'>eligere</span> <span class='ocrx_word' id='word_1_127' title='bbox 1583 1443 1659 1482; x_wconf 86' lang='lat' dir='ltr'>ex</span> <span class='ocrx_word' id='word_1_128' title='bbox 1701 1428 1790 1482; x_wconf 82' lang='lat' dir='ltr'>liis</span> <span class='ocrx_word' id='word_1_129' title='bbox 1837 1443 2011 1499; x_wconf 90' lang='lat' dir='ltr'>quem</span> <span class='ocrx_word' id='word_1_130' title='bbox 2055 1429 2239 1494; x_wconf 83' lang='lat' dir='ltr'>malit,</span> <span class='ocrx_word' id='word_1_131' title='bbox 2279 1433 2342 1485; x_wconf 88' lang='lat' dir='ltr'>et</span> <span class='ocrx_word' id='word_1_132' title='bbox 2381 1426 2472 1486; x_wconf 61' lang='lat' dir='ltr'>suss</span> 
     </span>
     <span class='ocr_line' id='line_1_16' title="bbox 224 1503 2509 1591; baseline 0 -16"><span class='ocrx_word' id='word_1_133' title='bbox 224 1522 400 1576; x_wconf 87' lang='lat' dir='ltr'>binde</span> <span class='ocrx_word' id='word_1_134' title='bbox 445 1520 502 1574; x_wconf 89' lang='lat' dir='ltr'>in</span> <span class='ocrx_word' id='word_1_135' title='bbox 533 1533 883 1588; x_wconf 88' lang='lat' dir='ltr'>unoquoque</span> <span class='ocrx_word' id='word_1_136' title='bbox 913 1516 1117 1571; x_wconf 92' lang='lat' dir='ltr'>ordine</span> <span class='ocrx_word' id='word_1_137' title='bbox 1159 1516 1390 1571; x_wconf 83' lang='lat' dir='ltr'>variare</span> <span class='ocrx_word' id='word_1_138' title='bbox 1417 1515 1508 1587; x_wconf 88' lang='lat'>(9).</span> <span class='ocrx_word' id='word_1_139' title='bbox 1540 1516 1617 1572; x_wconf 93' lang='lat' dir='ltr'>At</span> <span class='ocrx_word' id='word_1_140' title='bbox 1645 1533 1786 1572; x_wconf 83' lang='lat' dir='ltr'>vero</span> <span class='ocrx_word' id='word_1_141' title='bbox 1816 1518 1881 1582; x_wconf 86' lang='lat' dir='ltr'>is,</span> <span class='ocrx_word' id='word_1_142' title='bbox 1912 1519 2011 1589; x_wconf 92' lang='lat' dir='ltr'>qui</span> <span class='ocrx_word' id='word_1_143' title='bbox 2054 1519 2315 1589; x_wconf 86' lang='lat' dir='ltr'>eligitur,</span> <span class='ocrx_word' id='word_1_144' title='bbox 2346 1534 2473 1591; x_wconf 87' lang='lat' dir='ltr'>pro·</span> <span class='ocrx_word' id='word_1_145' title='bbox 2508 1503 2509 1506; x_wconf 8' lang='grc' dir='ltr'><strong>Ἴ</strong></span> 
     </span>
     <span class='ocr_line' id='line_1_17' title="bbox 225 1606 2475 1678; baseline -0.001 -12"><span class='ocrx_word' id='word_1_146' title='bbox 225 1612 462 1666; x_wconf 85' lang='lat' dir='ltr'>hibetur</span> <span class='ocrx_word' id='word_1_147' title='bbox 514 1625 647 1664; x_wconf 92' lang='lat' dir='ltr'>eum</span> <span class='ocrx_word' id='word_1_148' title='bbox 702 1609 975 1662; x_wconf 84' lang='lat' dir='ltr'>ordinare</span> <span class='ocrx_word' id='word_1_149' title='bbox 1018 1606 1145 1660; x_wconf 90' lang='lat' dir='ltr'>sine</span> <span class='ocrx_word' id='word_1_150' title='bbox 1199 1607 1631 1660; x_wconf 76' lang='lat' dir='ltr'>testimonialibus</span> <span class='ocrx_word' id='word_1_151' title='bbox 1670 1607 1936 1678; x_wconf 85' lang='lat' dir='ltr'>Episcopi</span> <span class='ocrx_word' id='word_1_152' title='bbox 1985 1614 2036 1662; x_wconf 82' lang='lat' dir='ltr'>et</span> <span class='ocrx_word' id='word_1_153' title='bbox 2086 1608 2385 1675; x_wconf 87' lang='lat' dir='ltr'>domicilii,</span> <span class='ocrx_word' id='word_1_154' title='bbox 2425 1616 2475 1663; x_wconf 79' lang='lat' dir='ltr'>et</span> 
     </span>
    </p>
   </div>
   <div class='ocr_carea' id='block_1_6' title="bbox 228 1795 1318 3905">
    <p class='ocr_par' dir='ltr' id='par_1_6' title="bbox 228 1795 1306 2633">
     <span class='ocr_line' id='line_1_18' title="bbox 228 1795 1304 1859; baseline -0.004 -14"><span class='ocrx_word' id='word_1_155' title='bbox 228 1800 362 1857; x_wconf 86' lang='lat' dir='ltr'>Quin</span> <span class='ocrx_word' id='word_1_156' title='bbox 396 1798 623 1859; x_wconf 82' lang='lat' dir='ltr'>plerique</span> <span class='ocrx_word' id='word_1_157' title='bbox 646 1797 955 1850; x_wconf 82' lang='lat' dir='ltr'>existimant,</span> <span class='ocrx_word' id='word_1_158' title='bbox 983 1795 1112 1842; x_wconf 88' lang='lat' dir='ltr'>hanc</span> <span class='ocrx_word' id='word_1_159' title='bbox 1145 1795 1304 1841; x_wconf 90' lang='lat' dir='ltr'>solam</span> 
     </span>
     <span class='ocr_line' id='line_1_19' title="bbox 229 1867 1297 1929; baseline -0.005 -13"><span class='ocrx_word' id='word_1_160' title='bbox 229 1884 339 1916; x_wconf 88' lang='lat' dir='ltr'>esse</span> <span class='ocrx_word' id='word_1_161' title='bbox 380 1869 717 1929; x_wconf 76' lang='lat' dir='ltr'>adaequatam</span> <span class='ocrx_word' id='word_1_162' title='bbox 768 1867 1102 1913; x_wconf 83' lang='lat' dir='ltr'>ordinationis</span> <span class='ocrx_word' id='word_1_163' title='bbox 1138 1870 1297 1912; x_wconf 91' lang='lat' dir='ltr'>mate-</span> 
     </span>
     <span class='ocr_line' id='line_1_20' title="bbox 229 1937 1306 2001; baseline -0.004 -14"><span class='ocrx_word' id='word_1_164' title='bbox 229 1943 376 1994; x_wconf 87' lang='lat' dir='ltr'>riam;</span> <span class='ocrx_word' id='word_1_165' title='bbox 413 1954 570 2001; x_wconf 89' lang='lat' dir='ltr'>eaque</span> <span class='ocrx_word' id='word_1_166' title='bbox 605 1944 655 1985; x_wconf 90' lang='lat' dir='ltr'>et</span> <span class='ocrx_word' id='word_1_167' title='bbox 685 1939 1030 1992; x_wconf 89' lang='lat' dir='ltr'>consecrandi,</span> <span class='ocrx_word' id='word_1_168' title='bbox 1059 1942 1108 1984; x_wconf 88' lang='lat' dir='ltr'>et</span> <span class='ocrx_word' id='word_1_169' title='bbox 1142 1937 1306 1984; x_wconf 88' lang='lat' dir='ltr'>absol·</span> 
     </span>
     <span class='ocr_line' id='line_1_21' title="bbox 232 2010 1303 2071; baseline -0.002 -14"><span class='ocrx_word' id='word_1_170' title='bbox 232 2012 384 2057; x_wconf 85' lang='lat' dir='ltr'>vendi</span> <span class='ocrx_word' id='word_1_171' title='bbox 432 2014 735 2071; x_wconf 87' lang='lat' dir='ltr'>potestatem</span> <span class='ocrx_word' id='word_1_172' title='bbox 787 2011 1055 2056; x_wconf 80' lang='lat' dir='ltr'>contineri:</span> <span class='ocrx_word' id='word_1_173' title='bbox 1107 2013 1156 2055; x_wconf 90' lang='lat' dir='ltr'>et</span> <span class='ocrx_word' id='word_1_174' title='bbox 1208 2010 1303 2056; x_wconf 85' lang='lat' dir='ltr'>hoc</span> 
     </span>
     <span class='ocr_line' id='line_1_22' title="bbox 233 2080 1302 2140; baseline -0.003 -12"><span class='ocrx_word' id='word_1_175' title='bbox 233 2082 438 2128; x_wconf 91' lang='lat' dir='ltr'>Doctori</span> <span class='ocrx_word' id='word_1_176' title='bbox 496 2086 668 2127; x_wconf 86' lang='lat' dir='ltr'>nostro</span> <span class='ocrx_word' id='word_1_177' title='bbox 731 2081 935 2126; x_wconf 88' lang='lat' dir='ltr'>videtur</span> <span class='ocrx_word' id='word_1_178' title='bbox 991 2080 1302 2140; x_wconf 79' lang='lat' dir='ltr'>probabilius</span> 
     </span>
     <span class='ocr_line' id='line_1_23' title="bbox 234 2151 1304 2212; baseline -0.001 -16"><span class='ocrx_word' id='word_1_179' title='bbox 234 2153 303 2199; x_wconf 84' lang='lat' dir='ltr'>‹S.</span> <span class='ocrx_word' id='word_1_180' title='bbox 338 2152 503 2212; x_wconf 88' lang='lat' dir='ltr'>Alph.,</span> <span class='ocrx_word' id='word_1_181' title='bbox 527 2152 608 2202; x_wconf 82' lang='lat' dir='ltr'>VI,</span> <span class='ocrx_word' id='word_1_182' title='bbox 631 2153 736 2205; x_wconf 83' lang='lat'>749,</span> <span class='ocrx_word' id='word_1_183' title='bbox 765 2166 805 2196; x_wconf 88' lang='lat' dir='ltr'>v.</span> <span class='ocrx_word' id='word_1_184' title='bbox 847 2153 1059 2205; x_wconf 63' lang='lat' dir='ltr'>Tertia»,</span> <span class='ocrx_word' id='word_1_185' title='bbox 1085 2165 1146 2196; x_wconf 85' lang='lat' dir='ltr'>ex</span> <span class='ocrx_word' id='word_1_186' title='bbox 1171 2151 1304 2197; x_wconf 87' lang='lat' dir='ltr'>Trid.</span> 
     </span>
     <span class='ocr_line' id='line_1_24' title="bbox 234 2222 1304 2282; baseline -0.002 -13"><span class='ocrx_word' id='word_1_187' title='bbox 234 2224 362 2277; x_wconf 84' lang='lat' dir='ltr'>XIV,</span> <span class='ocrx_word' id='word_1_188' title='bbox 398 2226 473 2270; x_wconf 88' lang='lat' dir='ltr'>De</span> <span class='ocrx_word' id='word_1_189' title='bbox 505 2226 556 2268; x_wconf 88' lang='grc' dir='ltr'>Ε.</span> <span class='ocrx_word' id='word_1_190' title='bbox 602 2225 652 2268; x_wconf 90' lang='lat' dir='ltr'>U.</span> <span class='ocrx_word' id='word_1_191' title='bbox 689 2223 807 2282; x_wconf 88' lang='lat' dir='ltr'>Cap.</span> <span class='ocrx_word' id='word_1_192' title='bbox 841 2224 882 2278; x_wconf 90' lang='grc'>3,</span> <span class='ocrx_word' id='word_1_193' title='bbox 914 2236 1013 2282; x_wconf 91' lang='lat' dir='ltr'>quo</span> <span class='ocrx_word' id='word_1_194' title='bbox 1051 2222 1304 2278; x_wconf 86' lang='lat' dir='ltr'>docemur,</span> 
     </span>
     <span class='ocr_line' id='line_1_25' title="bbox 231 2293 1303 2340; baseline -0.001 0"><span class='ocrx_word' id='word_1_195' title='bbox 231 2295 491 2340; x_wconf 88' lang='lat' dir='ltr'>ministros</span> <span class='ocrx_word' id='word_1_196' title='bbox 524 2295 579 2340; x_wconf 90' lang='lat' dir='ltr'>E.</span> <span class='ocrx_word' id='word_1_197' title='bbox 613 2294 669 2340; x_wconf 90' lang='lat' dir='ltr'>U.</span> <span class='ocrx_word' id='word_1_198' title='bbox 702 2308 812 2340; x_wconf 88' lang='lat' dir='ltr'>esse</span> <span class='ocrx_word' id='word_1_199' title='bbox 847 2293 1135 2340; x_wconf 80' lang='lat' dir='ltr'>sacerdotes</span> <span class='ocrx_word' id='word_1_200' title='bbox 1174 2295 1303 2339; x_wconf 90' lang='lat' dir='ltr'>ordi·</span> 
     </span>
     <span class='ocr_line' id='line_1_26' title="bbox 234 2366 1306 2423; baseline 0 -12"><span class='ocrx_word' id='word_1_201' title='bbox 234 2369 381 2412; x_wconf 86' lang='lat' dir='ltr'>natos</span> <span class='ocrx_word' id='word_1_202' title='bbox 390 2378 488 2423; x_wconf 79' lang='lat' dir='ltr'>per</span> <span class='ocrx_word' id='word_1_203' title='bbox 507 2367 888 2422; x_wconf 68' lang='lat' dir='ltr'>impositio-nem</span> <span class='ocrx_word' id='word_1_204' title='bbox 911 2378 1166 2411; x_wconf 79' lang='lat' dir='ltr'>manuum</span> <span class='ocrx_word' id='word_1_205' title='bbox 1183 2366 1306 2411; x_wconf 82' lang='lat' dir='ltr'>Pre-</span> 
     </span>
     <span class='ocr_line' id='line_1_27' title="bbox 231 2435 1306 2494; baseline -0.002 -12"><span class='ocrx_word' id='word_1_206' title='bbox 231 2439 460 2493; x_wconf 77' lang='lat' dir='ltr'>sbyterii.</span> <span class='ocrx_word' id='word_1_207' title='bbox 516 2437 643 2481; x_wconf 89' lang='lat' dir='ltr'>Sane</span> <span class='ocrx_word' id='word_1_208' title='bbox 697 2437 962 2494; x_wconf 87' lang='lat' dir='ltr'>antiquum</span> <span class='ocrx_word' id='word_1_209' title='bbox 1013 2435 1306 2481; x_wconf 83' lang='lat' dir='ltr'>Pontificale</span> 
     </span>
     <span class='ocr_line' id='line_1_28' title="bbox 238 2506 1306 2567; baseline -0.002 -14"><span class='ocrx_word' id='word_1_210' title='bbox 238 2508 378 2553; x_wconf 86' lang='lat' dir='ltr'>Rom.</span> <span class='ocrx_word' id='word_1_211' title='bbox 406 2506 551 2567; x_wconf 84' lang='lat' dir='ltr'>jubet</span> <span class='ocrx_word' id='word_1_212' title='bbox 575 2508 915 2552; x_wconf 88' lang='lat' dir='ltr'>instrumenta</span> <span class='ocrx_word' id='word_1_213' title='bbox 950 2506 1080 2551; x_wconf 87' lang='lat' dir='ltr'>tradi</span> <span class='ocrx_word' id='word_1_214' title='bbox 1116 2510 1175 2552; x_wconf 80' lang='lat' dir='ltr'>in</span> <span class='ocrx_word' id='word_1_215' title='bbox 1197 2519 1306 2551; x_wconf 83' lang='lat' dir='ltr'>ma-</span> 
     </span>
     <span class='ocr_line' id='line_1_29' title="bbox 234 2576 1185 2633; baseline -0.004 -8"><span class='ocrx_word' id='word_1_216' title='bbox 234 2581 387 2625; x_wconf 71' lang='lat' dir='ltr'>nibus</span> <span class='ocrx_word' id='word_1_217' title='bbox 420 2591 672 2624; x_wconf 73' lang='lat' dir='ltr'>ORDINATI</span> <span class='ocrx_word' id='word_1_218' title='bbox 708 2578 842 2626; x_wconf 88' lang='lat' dir='ltr'>(Ben.</span> <span class='ocrx_word' id='word_1_219' title='bbox 879 2576 1008 2630; x_wconf 86' lang='lat' dir='ltr'>XIV,</span> <span class='ocrx_word' id='word_1_220' title='bbox 1043 2591 1089 2623; x_wconf 87' lang='lat' dir='ltr'>n.</span> <span class='ocrx_word' id='word_1_221' title='bbox 1124 2579 1185 2633; x_wconf 87' lang='lat'>6).</span> 
     </span>
    </p>

    <p class='ocr_par' dir='ltr' id='par_1_7' title="bbox 230 2647 1304 2779">
     <span class='ocr_line' id='line_1_30' title="bbox 299 2647 1304 2702; baseline -0.001 -9"><span class='ocrx_word' id='word_1_222' title='bbox 299 2651 315 2693; x_wconf 93' lang='lat' dir='ltr'>l</span> <span class='ocrx_word' id='word_1_223' title='bbox 354 2648 501 2702; x_wconf 87' lang='lat' dir='ltr'>Trid.‚</span> <span class='ocrx_word' id='word_1_224' title='bbox 529 2648 711 2697; x_wconf 84' lang='lat' dir='ltr'>XXIII,</span> <span class='ocrx_word' id='word_1_225' title='bbox 739 2648 841 2693; x_wconf 88' lang='lat' dir='ltr'>Rcf.</span> <span class='ocrx_word' id='word_1_226' title='bbox 876 2648 915 2692; x_wconf 90' lang='lat'>9.</span> <span class='ocrx_word' id='word_1_227' title='bbox 943 2647 1009 2692; x_wconf 88' lang='lat' dir='ltr'>Et</span> <span class='ocrx_word' id='word_1_228' title='bbox 1041 2650 1304 2692; x_wconf 84' lang='lat' dir='ltr'>tonsuram</span> 
     </span>
     <span class='ocr_line' id='line_1_31' title="bbox 230 2719 1235 2779; baseline -0.008 -10"><span class='ocrx_word' id='word_1_229' title='bbox 230 2722 308 2779; x_wconf 82' lang='lat' dir='ltr'>(C.</span> <span class='ocrx_word' id='word_1_230' title='bbox 340 2722 383 2775; x_wconf 76' lang='lat'>4,</span> <span class='ocrx_word' id='word_1_231' title='bbox 419 2721 493 2767; x_wconf 90' lang='lat' dir='ltr'>De</span> <span class='ocrx_word' id='word_1_232' title='bbox 536 2721 818 2777; x_wconf 80' lang='lat' dir='ltr'>Temporib.</span> <span class='ocrx_word' id='word_1_233' title='bbox 858 2719 1033 2764; x_wconf 73' lang='lat' dir='ltr'>Ordin.</span> <span class='ocrx_word' id='word_1_234' title='bbox 1068 2719 1119 2762; x_wconf 92' lang='lat' dir='ltr'>in</span> <span class='ocrx_word' id='word_1_235' title='bbox 1152 2719 1235 2772; x_wconf 81' lang='lat'>6⁰).</span> 
     </span>
    </p>

    <p class='ocr_par' dir='ltr' id='par_1_8' title="bbox 235 2790 1307 2917">
     <span class='ocr_line' id='line_1_32' title="bbox 293 2790 1307 2847; baseline 0 -12"><span class='ocrx_word' id='word_1_236' title='bbox 293 2791 322 2835; x_wconf 78' lang='lat'><em>2</em></span> <span class='ocrx_word' id='word_1_237' title='bbox 354 2791 449 2840; x_wconf 89' lang='lat' dir='ltr'>CC.</span> <span class='ocrx_word' id='word_1_238' title='bbox 500 2792 533 2842; x_wconf 85' lang='lat' dir='ltr'>l,</span> <span class='ocrx_word' id='word_1_239' title='bbox 575 2791 616 2843; x_wconf 77' lang='lat'>3,</span> <span class='ocrx_word' id='word_1_240' title='bbox 660 2792 736 2837; x_wconf 89' lang='lat' dir='ltr'>De</span> <span class='ocrx_word' id='word_1_241' title='bbox 780 2792 948 2847; x_wconf 80' lang='lat' dir='ltr'>Temp.</span> <span class='ocrx_word' id='word_1_242' title='bbox 990 2790 1108 2836; x_wconf 78' lang='lat' dir='ltr'>Ord.</span> <span class='ocrx_word' id='word_1_243' title='bbox 1147 2790 1199 2834; x_wconf 91' lang='lat' dir='ltr'>in</span> <span class='ocrx_word' id='word_1_244' title='bbox 1244 2790 1307 2835; x_wconf 91' lang='lat'>6⁰.</span> 
     </span>
     <span class='ocr_line' id='line_1_33' title="bbox 235 2862 765 2917; baseline 0 -10"><span class='ocrx_word' id='word_1_245' title='bbox 235 2862 383 2914; x_wconf 90' lang='lat' dir='ltr'>Trid.‚</span> <span class='ocrx_word' id='word_1_246' title='bbox 421 2862 600 2917; x_wconf 77' lang='lat' dir='ltr'>XXIII,</span> <span class='ocrx_word' id='word_1_247' title='bbox 633 2862 694 2908; x_wconf 89' lang='lat' dir='ltr'>R.</span> <span class='ocrx_word' id='word_1_248' title='bbox 724 2863 765 2907; x_wconf 89' lang='lat'>9.</span> 
     </span>
    </p>

    <p class='ocr_par' dir='ltr' id='par_1_9' title="bbox 236 2931 1310 3204">
     <span class='ocr_line' id='line_1_34' title="bbox 296 2931 1308 2991; baseline -0.001 -14"><span class='ocrx_word' id='word_1_249' title='bbox 296 2935 324 2977; x_wconf 89' lang='lat'><strong>3</strong></span> <span class='ocrx_word' id='word_1_250' title='bbox 354 2935 523 2980; x_wconf 90' lang='lat' dir='ltr'>Innoc.</span> <span class='ocrx_word' id='word_1_251' title='bbox 558 2933 667 2991; x_wconf 85' lang='lat' dir='ltr'>XII,</span> <span class='ocrx_word' id='word_1_252' title='bbox 711 2933 764 2978; x_wconf 93' lang='grc' dir='ltr'>Β.</span> <span class='ocrx_word' id='word_1_253' title='bbox 803 2931 1159 2990; x_wconf 79' lang='lat' dir='ltr'>Speculatores</span> <span class='ocrx_word' id='word_1_254' title='bbox 1199 2936 1229 2986; x_wconf 67' lang='grc' dir='ltr'><strong>ἓ</strong></span> <span class='ocrx_word' id='word_1_255' title='bbox 1265 2932 1308 2976; x_wconf 85' lang='grc'><strong>5.</strong></span> 
     </span>
     <span class='ocr_line' id='line_1_35' title="bbox 236 3003 1310 3063; baseline -0.001 -15"><span class='ocrx_word' id='word_1_256' title='bbox 236 3004 330 3049; x_wconf 80' lang='lat' dir='ltr'>Sed</span> <span class='ocrx_word' id='word_1_257' title='bbox 348 3005 391 3049; x_wconf 91' lang='lat' dir='ltr'>is</span> <span class='ocrx_word' id='word_1_258' title='bbox 411 3009 665 3063; x_wconf 87' lang='lat' dir='ltr'>praeterea</span> <span class='ocrx_word' id='word_1_259' title='bbox 682 3005 853 3063; x_wconf 84' lang='lat' dir='ltr'>jurare</span> <span class='ocrx_word' id='word_1_260' title='bbox 873 3003 1020 3050; x_wconf 86' lang='lat' dir='ltr'>debet</span> <span class='ocrx_word' id='word_1_261' title='bbox 1038 3017 1090 3049; x_wconf 88' lang='lat' dir='ltr'>se</span> <span class='ocrx_word' id='word_1_262' title='bbox 1119 3016 1239 3051; x_wconf 85' lang='lat' dir='ltr'>vere</span> <span class='ocrx_word' id='word_1_263' title='bbox 1260 3006 1310 3048; x_wconf 88' lang='lat' dir='ltr'>et</span> 
     </span>
     <span class='ocr_line' id='line_1_36' title="bbox 236 3074 1310 3134; baseline 0.001 -16"><span class='ocrx_word' id='word_1_264' title='bbox 236 3078 452 3121; x_wconf 80' lang='lat' dir='ltr'>realiter</span> <span class='ocrx_word' id='word_1_265' title='bbox 478 3075 665 3121; x_wconf 78' lang='lat' dir='ltr'>habere</span> <span class='ocrx_word' id='word_1_266' title='bbox 691 3077 928 3121; x_wconf 81' lang='lat' dir='ltr'>animum</span> <span class='ocrx_word' id='word_1_267' title='bbox 958 3076 1010 3120; x_wconf 93' lang='lat' dir='ltr'>in</span> <span class='ocrx_word' id='word_1_268' title='bbox 1034 3076 1143 3134; x_wconf 86' lang='lat' dir='ltr'>ejus</span> <span class='ocrx_word' id='word_1_269' title='bbox 1178 3074 1310 3119; x_wconf 88' lang='lat' dir='ltr'>dioe-</span> 
     </span>
     <span class='ocr_line' id='line_1_37' title="bbox 238 3145 1168 3204; baseline -0.002 -14"><span class='ocrx_word' id='word_1_270' title='bbox 238 3146 338 3190; x_wconf 89' lang='lat' dir='ltr'>cesi</span> <span class='ocrx_word' id='word_1_271' title='bbox 375 3150 615 3204; x_wconf 86' lang='lat' dir='ltr'>perpetuo</span> <span class='ocrx_word' id='word_1_272' title='bbox 652 3145 889 3190; x_wconf 89' lang='lat' dir='ltr'>manendi</span> <span class='ocrx_word' id='word_1_273' title='bbox 922 3146 1026 3203; x_wconf 89' lang='lat' dir='ltr'>(cit.</span> <span class='ocrx_word' id='word_1_274' title='bbox 1049 3150 1076 3198; x_wconf 69' lang='grc' dir='ltr'><em>ἓ</em></span> <span class='ocrx_word' id='word_1_275' title='bbox 1108 3145 1168 3203; x_wconf 88' lang='lat'>3).</span> 
     </span>
    </p>

    <p class='ocr_par' dir='ltr' id='par_1_10' title="bbox 232 3214 1318 3905">
     <span class='ocr_line' id='line_1_38' title="bbox 329 3214 1310 3274; baseline 0.001 -16"><span class='ocrx_word' id='word_1_276' title='bbox 329 3217 356 3258; x_wconf 87' lang='grc'>4</span> <span class='ocrx_word' id='word_1_277' title='bbox 389 3214 484 3259; x_wconf 86' lang='lat' dir='ltr'>Cit.</span> <span class='ocrx_word' id='word_1_278' title='bbox 518 3215 585 3270; x_wconf 91' lang='grc' dir='ltr'>Β.,</span> <span class='ocrx_word' id='word_1_279' title='bbox 622 3219 651 3268; x_wconf 65' lang='grc' dir='ltr'><strong>ἓ</strong></span> <span class='ocrx_word' id='word_1_280' title='bbox 684 3216 726 3260; x_wconf 89' lang='grc'>3.</span> <span class='ocrx_word' id='word_1_281' title='bbox 769 3218 1095 3273; x_wconf 72' lang='lat' dir='ltr'>Conyruum;</span> <span class='ocrx_word' id='word_1_282' title='bbox 1133 3229 1310 3274; x_wconf 88' lang='lat' dir='ltr'>nempe</span> 
     </span>
     <span class='ocr_line' id='line_1_39' title="bbox 232 3286 1312 3346; baseline 0.003 -18"><span class='ocrx_word' id='word_1_283' title='bbox 232 3286 385 3344; x_wconf 83' lang='lat' dir='ltr'>juxta</span> <span class='ocrx_word' id='word_1_284' title='bbox 408 3289 578 3330; x_wconf 82' lang='lat' dir='ltr'>taxam</span> <span class='ocrx_word' id='word_1_285' title='bbox 609 3286 919 3344; x_wconf 74' lang='lat' dir='ltr'>synodalem,</span> <span class='ocrx_word' id='word_1_286' title='bbox 944 3300 1071 3345; x_wconf 90' lang='lat' dir='ltr'>quae</span> <span class='ocrx_word' id='word_1_287' title='bbox 1097 3287 1234 3346; x_wconf 87' lang='lat' dir='ltr'>viget</span> <span class='ocrx_word' id='word_1_288' title='bbox 1257 3300 1312 3331; x_wconf 91' lang='lat' dir='ltr'>eo</span> 
     </span>
     <span class='ocr_line' id='line_1_40' title="bbox 238 3355 1312 3416; baseline 0.001 -17"><span class='ocrx_word' id='word_1_289' title='bbox 238 3355 353 3408; x_wconf 86' lang='lat' dir='ltr'>loci,</span> <span class='ocrx_word' id='word_1_290' title='bbox 383 3357 427 3399; x_wconf 89' lang='lat' dir='ltr'>si</span> <span class='ocrx_word' id='word_1_291' title='bbox 462 3356 578 3399; x_wconf 91' lang='lat' dir='ltr'>inde</span> <span class='ocrx_word' id='word_1_292' title='bbox 603 3370 699 3400; x_wconf 90' lang='lat' dir='ltr'>non</span> <span class='ocrx_word' id='word_1_293' title='bbox 725 3358 792 3401; x_wconf 90' lang='lat' dir='ltr'>sit</span> <span class='ocrx_word' id='word_1_294' title='bbox 815 3357 1159 3409; x_wconf 84' lang='lat' dir='ltr'>discessurus;</span> <span class='ocrx_word' id='word_1_295' title='bbox 1184 3369 1312 3416; x_wconf 80' lang='lat' dir='ltr'>quae</span> 
     </span>
     <span class='ocr_line' id='line_1_41' title="bbox 242 3425 1314 3472; baseline 0.001 -2"><span class='ocrx_word' id='word_1_296' title='bbox 242 3426 294 3470; x_wconf 90' lang='lat' dir='ltr'>in</span> <span class='ocrx_word' id='word_1_297' title='bbox 329 3425 436 3471; x_wconf 86' lang='lat' dir='ltr'>loco</span> <span class='ocrx_word' id='word_1_298' title='bbox 469 3426 712 3471; x_wconf 84' lang='lat' dir='ltr'>domicilii</span> <span class='ocrx_word' id='word_1_299' title='bbox 749 3428 791 3471; x_wconf 90' lang='lat' dir='ltr'>si</span> <span class='ocrx_word' id='word_1_300' title='bbox 829 3442 884 3471; x_wconf 88' lang='lat' dir='ltr'>eo</span> <span class='ocrx_word' id='word_1_301' title='bbox 921 3441 1215 3472; x_wconf 81' lang='lat' dir='ltr'>reversurus</span> <span class='ocrx_word' id='word_1_302' title='bbox 1245 3427 1314 3472; x_wconf 88' lang='lat' dir='ltr'>sit</span> 
     </span>
     <span class='ocr_line' id='line_1_42' title="bbox 242 3496 1314 3552; baseline -0.002 -10"><span class='ocrx_word' id='word_1_303' title='bbox 242 3496 369 3542; x_wconf 74' lang='lat' dir='ltr'>(Iun.</span> <span class='ocrx_word' id='word_1_304' title='bbox 412 3496 546 3542; x_wconf 84' lang='lat' dir='ltr'>XIll.</span> <span class='ocrx_word' id='word_1_305' title='bbox 603 3496 655 3541; x_wconf 91' lang='lat' dir='ltr'>C.</span> <span class='ocrx_word' id='word_1_306' title='bbox 702 3499 984 3552; x_wconf 55' lang='lat' dir='ltr'>„apostolici</span> <span class='ocrx_word' id='word_1_307' title='bbox 1025 3499 1314 3550; x_wconf 77' lang='lat' dir='ltr'>Me&#39;niscerz&#39;i,</span> 
     </span>
     <span class='ocr_line' id='line_1_43' title="bbox 245 3565 1315 3627; baseline -0.001 -16"><span class='ocrx_word' id='word_1_308' title='bbox 245 3566 363 3611; x_wconf 87' lang='lat' dir='ltr'>Ben.</span> <span class='ocrx_word' id='word_1_309' title='bbox 381 3565 516 3617; x_wconf 88' lang='lat' dir='ltr'>XIII,</span> <span class='ocrx_word' id='word_1_310' title='bbox 530 3567 580 3614; x_wconf 90' lang='lat' dir='ltr'>C.</span> <span class='ocrx_word' id='word_1_311' title='bbox 604 3568 663 3611; x_wconf 78' lang='lat' dir='ltr'>In</span> <span class='ocrx_word' id='word_1_312' title='bbox 682 3580 920 3623; x_wconf 71' lang='lat' dir='ltr'>supremo</span> <span class='ocrx_word' id='word_1_313' title='bbox 936 3568 992 3611; x_wconf 74' lang='grc'>’23</span> <span class='ocrx_word' id='word_1_314' title='bbox 1011 3567 1142 3627; x_wconf 85' lang='lat' dir='ltr'>Sept.</span> <span class='ocrx_word' id='word_1_315' title='bbox 1165 3568 1315 3622; x_wconf 77' lang='lat'>1724).</span> 
     </span>
     <span class='ocr_line' id='line_1_44' title="bbox 239 3635 1317 3696; baseline 0.003 -17"><span class='ocrx_word' id='word_1_316' title='bbox 239 3635 416 3695; x_wconf 86' lang='lat' dir='ltr'>Itaque</span> <span class='ocrx_word' id='word_1_317' title='bbox 437 3639 477 3681; x_wconf 91' lang='lat' dir='ltr'>si</span> <span class='ocrx_word' id='word_1_318' title='bbox 500 3636 692 3696; x_wconf 87' lang='lat' dir='ltr'>aliquid</span> <span class='ocrx_word' id='word_1_319' title='bbox 713 3637 856 3688; x_wconf 86' lang='lat' dir='ltr'>desit,</span> <span class='ocrx_word' id='word_1_320' title='bbox 877 3652 973 3682; x_wconf 90' lang='lat' dir='ltr'>non</span> <span class='ocrx_word' id='word_1_321' title='bbox 994 3639 1180 3696; x_wconf 87' lang='lat' dir='ltr'>poterit</span> <span class='ocrx_word' id='word_1_322' title='bbox 1198 3652 1317 3696; x_wconf 88' lang='lat' dir='ltr'>sup-</span> 
     </span>
     <span class='ocr_line' id='line_1_45' title="bbox 240 3705 1318 3766; baseline 0.005 -17"><span class='ocrx_word' id='word_1_323' title='bbox 240 3705 366 3764; x_wconf 89' lang='lat' dir='ltr'>pleri</span> <span class='ocrx_word' id='word_1_324' title='bbox 403 3720 461 3751; x_wconf 84' lang='lat' dir='ltr'>ex</span> <span class='ocrx_word' id='word_1_325' title='bbox 499 3707 800 3765; x_wconf 87' lang='lat' dir='ltr'>patrimonio</span> <span class='ocrx_word' id='word_1_326' title='bbox 836 3708 883 3751; x_wconf 89' lang='lat' dir='ltr'>in</span> <span class='ocrx_word' id='word_1_327' title='bbox 911 3708 1084 3753; x_wconf 87' lang='lat' dir='ltr'>eadem</span> <span class='ocrx_word' id='word_1_328' title='bbox 1107 3709 1225 3766; x_wconf 88' lang='lat' dir='ltr'>(Cit.</span> <span class='ocrx_word' id='word_1_329' title='bbox 1248 3708 1318 3765; x_wconf 90' lang='grc' dir='ltr'>Β.,</span> 
     </span>
     <span class='ocr_line' id='line_1_46' title="bbox 243 3776 1315 3828; baseline 0.007 -10"><span class='ocrx_word' id='word_1_330' title='bbox 243 3776 352 3828; x_wconf 65' lang='grc' dir='ltr'>ἕ3»,</span> <span class='ocrx_word' id='word_1_331' title='bbox 377 3777 456 3821; x_wconf 87' lang='lat' dir='ltr'>vel</span> <span class='ocrx_word' id='word_1_332' title='bbox 490 3791 550 3822; x_wconf 85' lang='lat' dir='ltr'>ex</span> <span class='ocrx_word' id='word_1_333' title='bbox 587 3778 685 3822; x_wconf 90' lang='lat' dir='ltr'>alio</span> <span class='ocrx_word' id='word_1_334' title='bbox 711 3778 950 3824; x_wconf 88' lang='lat' dir='ltr'>beneficio</span> <span class='ocrx_word' id='word_1_335' title='bbox 974 3780 1023 3823; x_wconf 89' lang='lat' dir='ltr'>in</span> <span class='ocrx_word' id='word_1_336' title='bbox 1050 3780 1148 3824; x_wconf 89' lang='lat' dir='ltr'>alia</span> <span class='ocrx_word' id='word_1_337' title='bbox 1173 3780 1315 3825; x_wconf 89' lang='lat' dir='ltr'>dioe-</span> 
     </span>
     <span class='ocr_line' id='line_1_47' title="bbox 244 3847 1318 3905; baseline 0.004 -13"><span class='ocrx_word' id='word_1_338' title='bbox 244 3847 349 3893; x_wconf 85' lang='lat' dir='ltr'>cesi</span> <span class='ocrx_word' id='word_1_339' title='bbox 396 3848 492 3905; x_wconf 79' lang='lat' dir='ltr'>(Ex</span> <span class='ocrx_word' id='word_1_340' title='bbox 537 3849 589 3896; x_wconf 87' lang='lat' dir='ltr'>C.</span> <span class='ocrx_word' id='word_1_341' title='bbox 640 3852 959 3905; x_wconf 57' lang='lat' dir='ltr'>,apostolicae</span> <span class='ocrx_word' id='word_1_342' title='bbox 1002 3851 1148 3897; x_wconf 75' lang='lat' dir='ltr'>Sedis</span> <span class='ocrx_word' id='word_1_343' title='bbox 1192 3850 1318 3896; x_wconf 84' lang='lat' dir='ltr'>Prol.</span> 
     </span>
    </p>
   </div>
   <div class='ocr_carea' id='block_1_7' title="bbox 1405 1795 2494 3755">
    <p class='ocr_par' dir='ltr' id='par_1_11' title="bbox 1405 1795 2485 2421">
     <span class='ocr_line' id='line_1_48' title="bbox 1405 1795 2475 1860; baseline 0.005 -19"><span class='ocrx_word' id='word_1_344' title='bbox 1405 1802 1435 1852; x_wconf 72' lang='lat' dir='ltr'><strong>g</strong></span> <span class='ocrx_word' id='word_1_345' title='bbox 1455 1795 1558 1854; x_wconf 84' lang='lat'>395,</span> <span class='ocrx_word' id='word_1_346' title='bbox 1583 1796 1645 1850; x_wconf 87' lang='lat'>3).</span> <span class='ocrx_word' id='word_1_347' title='bbox 1671 1796 1935 1845; x_wconf 72' lang='lat' dir='ltr'>Possidet.-</span> <span class='ocrx_word' id='word_1_348' title='bbox 1968 1797 2080 1844; x_wconf 88' lang='lat' dir='ltr'>ideo</span> <span class='ocrx_word' id='word_1_349' title='bbox 2112 1797 2347 1846; x_wconf 81' lang='lat' dir='ltr'>clericum</span> <span class='ocrx_word' id='word_1_350' title='bbox 2365 1799 2475 1860; x_wconf 83' lang='lat' dir='ltr'>jam</span> 
     </span>
     <span class='ocr_line' id='line_1_49' title="bbox 1408 1866 2475 1926; baseline 0.004 -14"><span class='ocrx_word' id='word_1_351' title='bbox 1408 1881 1517 1914; x_wconf 85' lang='lat' dir='ltr'>esse</span> <span class='ocrx_word' id='word_1_352' title='bbox 1537 1869 1748 1926; x_wconf 86' lang='lat' dir='ltr'>oportet.</span> <span class='ocrx_word' id='word_1_353' title='bbox 1773 1866 1905 1913; x_wconf 90' lang='lat' dir='ltr'>Illud</span> <span class='ocrx_word' id='word_1_354' title='bbox 1929 1880 2029 1915; x_wconf 90' lang='lat' dir='ltr'>non</span> <span class='ocrx_word' id='word_1_355' title='bbox 2052 1869 2279 1924; x_wconf 81' lang='lat' dir='ltr'>interest,</span> <span class='ocrx_word' id='word_1_356' title='bbox 2301 1873 2475 1917; x_wconf 86' lang='lat' dir='ltr'>utrum</span> 
     </span>
     <span class='ocr_line' id='line_1_50' title="bbox 1407 1937 2476 1996; baseline 0.005 -14"><span class='ocrx_word' id='word_1_357' title='bbox 1407 1937 1731 1983; x_wconf 83' lang='lat' dir='ltr'>residentiale</span> <span class='ocrx_word' id='word_1_358' title='bbox 1765 1939 1835 1983; x_wconf 88' lang='lat' dir='ltr'>sit</span> <span class='ocrx_word' id='word_1_359' title='bbox 1867 1937 2186 1996; x_wconf 82' lang='lat' dir='ltr'>beneficium,</span> <span class='ocrx_word' id='word_1_360' title='bbox 2207 1951 2272 1986; x_wconf 85' lang='lat' dir='ltr'>an</span> <span class='ocrx_word' id='word_1_361' title='bbox 2304 1940 2476 1987; x_wconf 86' lang='lat' dir='ltr'>minus</span> 
     </span>
     <span class='ocr_line' id='line_1_51' title="bbox 1415 2008 2485 2070; baseline 0.003 -16"><span class='ocrx_word' id='word_1_362' title='bbox 1415 2009 1476 2066; x_wconf 88' lang='lat' dir='ltr'>(S.</span> <span class='ocrx_word' id='word_1_363' title='bbox 1510 2011 1562 2058; x_wconf 90' lang='lat' dir='ltr'>C.</span> <span class='ocrx_word' id='word_1_364' title='bbox 1587 2010 1655 2067; x_wconf 89' lang='lat' dir='ltr'>C.,</span> <span class='ocrx_word' id='word_1_365' title='bbox 1684 2009 1745 2053; x_wconf 77' lang='lat'>26</span> <span class='ocrx_word' id='word_1_366' title='bbox 1776 2008 1895 2070; x_wconf 87' lang='lat' dir='ltr'>Maji</span> <span class='ocrx_word' id='word_1_367' title='bbox 1925 2009 2052 2054; x_wconf 85' lang='lat'>1598.</span> <span class='ocrx_word' id='word_1_368' title='bbox 2078 2009 2274 2067; x_wconf 81' lang='lat' dir='ltr'>Lucidi,</span> <span class='ocrx_word' id='word_1_369' title='bbox 2298 2012 2376 2059; x_wconf 83' lang='lat' dir='ltr'>De</span> <span class='ocrx_word' id='word_1_370' title='bbox 2401 2012 2485 2065; x_wconf 51' lang='lat' dir='ltr'>Vi·¹</span> 
     </span>
     <span class='ocr_line' id='line_1_52' title="bbox 1407 2081 2480 2143; baseline 0.005 -18"><span class='ocrx_word' id='word_1_371' title='bbox 1407 2084 1547 2126; x_wconf 75' lang='lat' dir='ltr'>sicat.</span> <span class='ocrx_word' id='word_1_372' title='bbox 1584 2081 1666 2127; x_wconf 92' lang='lat' dir='ltr'>To.</span> <span class='ocrx_word' id='word_1_373' title='bbox 1697 2081 1733 2135; x_wconf 92' lang='lat'>1,</span> <span class='ocrx_word' id='word_1_374' title='bbox 1770 2095 1813 2140; x_wconf 86' lang='lat' dir='ltr'>p.</span> <span class='ocrx_word' id='word_1_375' title='bbox 1856 2081 1970 2137; x_wconf 67' lang='lat'>159).</span> <span class='ocrx_word' id='word_1_376' title='bbox 2004 2081 2135 2127; x_wconf 88' lang='lat' dir='ltr'>Eum</span> <span class='ocrx_word' id='word_1_377' title='bbox 2170 2094 2286 2128; x_wconf 84' lang='lat' dir='ltr'>vero</span> <span class='ocrx_word' id='word_1_378' title='bbox 2317 2081 2480 2143; x_wconf 83' lang='lat' dir='ltr'>quiin</span> 
     </span>
     <span class='ocr_line' id='line_1_53' title="bbox 1409 2151 2483 2215; baseline 0.003 -18"><span class='ocrx_word' id='word_1_379' title='bbox 1409 2151 1607 2198; x_wconf 88' lang='lat' dir='ltr'>duabus</span> <span class='ocrx_word' id='word_1_380' title='bbox 1642 2151 1958 2198; x_wconf 87' lang='lat' dir='ltr'>dioecesibus</span> <span class='ocrx_word' id='word_1_381' title='bbox 1982 2151 2279 2199; x_wconf 86' lang='lat' dir='ltr'>beneficium</span> <span class='ocrx_word' id='word_1_382' title='bbox 2311 2151 2483 2215; x_wconf 82' lang='lat' dir='ltr'>habet,</span> 
     </span>
     <span class='ocr_line' id='line_1_54' title="bbox 1409 2222 2480 2284; baseline 0.004 -17"><span class='ocrx_word' id='word_1_383' title='bbox 1409 2223 1677 2282; x_wconf 88' lang='lat' dir='ltr'>utrobique</span> <span class='ocrx_word' id='word_1_384' title='bbox 1721 2223 1944 2268; x_wconf 86' lang='lat' dir='ltr'>ordinari</span> <span class='ocrx_word' id='word_1_385' title='bbox 1990 2237 2139 2282; x_wconf 86' lang='lat' dir='ltr'>posse</span> <span class='ocrx_word' id='word_1_386' title='bbox 2182 2222 2348 2284; x_wconf 87' lang='lat' dir='ltr'>palam</span> <span class='ocrx_word' id='word_1_387' title='bbox 2399 2226 2480 2271; x_wconf 80' lang='lat' dir='ltr'>est</span> 
     </span>
     <span class='ocr_line' id='line_1_55' title="bbox 1409 2293 2479 2354; baseline 0.001 -15"><span class='ocrx_word' id='word_1_388' title='bbox 1409 2297 1623 2352; x_wconf 84' lang='lat' dir='ltr'>(Espen.,</span> <span class='ocrx_word' id='word_1_389' title='bbox 1658 2293 1696 2340; x_wconf 92' lang='lat' dir='ltr'>I.</span> <span class='ocrx_word' id='word_1_390' title='bbox 1719 2294 1773 2339; x_wconf 92' lang='lat' dir='ltr'>E.</span> <span class='ocrx_word' id='word_1_391' title='bbox 1801 2293 1857 2339; x_wconf 89' lang='lat' dir='ltr'>U.</span> <span class='ocrx_word' id='word_1_392' title='bbox 1881 2294 1932 2338; x_wconf 93' lang='lat' dir='ltr'>P.</span> <span class='ocrx_word' id='word_1_393' title='bbox 1957 2293 2018 2349; x_wconf 88' lang='lat'>11,</span> <span class='ocrx_word' id='word_1_394' title='bbox 2044 2294 2138 2341; x_wconf 81' lang='lat' dir='ltr'>Tit.</span> <span class='ocrx_word' id='word_1_395' title='bbox 2164 2293 2248 2349; x_wconf 90' lang='lat' dir='ltr'>IX,</span> <span class='ocrx_word' id='word_1_396' title='bbox 2272 2295 2391 2354; x_wconf 78' lang='lat' dir='ltr'>Cap.</span> <span class='ocrx_word' id='word_1_397' title='bbox 2415 2293 2479 2352; x_wconf 88' lang='lat'>11,</span> 
     </span>
     <span class='ocr_line' id='line_1_56' title="bbox 1410 2365 2483 2421; baseline 0.003 -11"><span class='ocrx_word' id='word_1_398' title='bbox 1410 2379 1456 2411; x_wconf 92' lang='lat' dir='ltr'>n.</span> <span class='ocrx_word' id='word_1_399' title='bbox 1488 2365 1585 2421; x_wconf 76' lang='lat'>25).</span> <span class='ocrx_word' id='word_1_400' title='bbox 2478 2369 2483 2372; x_wconf 79' lang='grc'><em>“</em></span> 
     </span>
    </p>

    <p class='ocr_par' dir='ltr' id='par_1_12' title="bbox 1470 2434 2013 2490">
     <span class='ocr_line' id='line_1_57' title="bbox 1470 2434 2013 2490; baseline 0 -11"><span class='ocrx_word' id='word_1_401' title='bbox 1470 2436 1499 2479; x_wconf 88' lang='grc'><strong>5</strong></span> <span class='ocrx_word' id='word_1_402' title='bbox 1532 2435 1680 2490; x_wconf 89' lang='lat' dir='ltr'>Trid.‚</span> <span class='ocrx_word' id='word_1_403' title='bbox 1717 2434 1847 2489; x_wconf 87' lang='lat' dir='ltr'>XIV,</span> <span class='ocrx_word' id='word_1_404' title='bbox 1881 2436 1941 2482; x_wconf 88' lang='lat' dir='ltr'>R.</span> <span class='ocrx_word' id='word_1_405' title='bbox 1971 2437 2013 2480; x_wconf 79' lang='lat'>2.</span> 
     </span>
    </p>

    <p class='ocr_par' dir='ltr' id='par_1_13' title="bbox 1423 2505 2485 2636">
     <span class='ocr_line' id='line_1_58' title="bbox 1471 2505 2485 2561; baseline 0.005 -11"><span class='ocrx_word' id='word_1_406' title='bbox 1471 2508 1499 2550; x_wconf 94' lang='grc'>6</span> <span class='ocrx_word' id='word_1_407' title='bbox 1531 2506 1576 2551; x_wconf 88' lang='lat' dir='ltr'>S.</span> <span class='ocrx_word' id='word_1_408' title='bbox 1610 2507 1662 2554; x_wconf 90' lang='lat' dir='ltr'>C.</span> <span class='ocrx_word' id='word_1_409' title='bbox 1696 2507 1767 2561; x_wconf 93' lang='lat' dir='ltr'>C.,</span> <span class='ocrx_word' id='word_1_410' title='bbox 1801 2507 1830 2549; x_wconf 89' lang='lat'>9</span> <span class='ocrx_word' id='word_1_411' title='bbox 1860 2505 1984 2553; x_wconf 86' lang='lat' dir='ltr'>Nov.</span> <span class='ocrx_word' id='word_1_412' title='bbox 2015 2505 2141 2550; x_wconf 87' lang='lat'>1589.</span> <span class='ocrx_word' id='word_1_413' title='bbox 2179 2505 2378 2561; x_wconf 88' lang='lat' dir='ltr'>Lucidi,</span> <span class='ocrx_word' id='word_1_414' title='bbox 2408 2506 2485 2556; x_wconf 66' lang='lat' dir='ltr'>De</span> 
     </span>
     <span class='ocr_line' id='line_1_59' title="bbox 1423 2576 2190 2636; baseline 0 -16"><span class='ocrx_word' id='word_1_415' title='bbox 1423 2578 1620 2622; x_wconf 74' lang='lat' dir='ltr'>visitat.</span> <span class='ocrx_word' id='word_1_416' title='bbox 1655 2577 1738 2622; x_wconf 88' lang='lat' dir='ltr'>To.</span> <span class='ocrx_word' id='word_1_417' title='bbox 1772 2576 1810 2631; x_wconf 87' lang='grc' dir='ltr'>Ι,</span> <span class='ocrx_word' id='word_1_418' title='bbox 1842 2590 1887 2636; x_wconf 86' lang='lat' dir='ltr'>p.</span> <span class='ocrx_word' id='word_1_419' title='bbox 1928 2577 2024 2631; x_wconf 85' lang='grc'>168,</span> <span class='ocrx_word' id='word_1_420' title='bbox 2057 2579 2087 2630; x_wconf 69' lang='grc' dir='ltr'><strong>ἓ</strong></span> <span class='ocrx_word' id='word_1_421' title='bbox 2118 2576 2190 2621; x_wconf 88' lang='grc'>96.</span> 
     </span>
    </p>

    <p class='ocr_par' dir='ltr' id='par_1_14' title="bbox 1411 2645 2487 3199">
     <span class='ocr_line' id='line_1_60' title="bbox 1471 2645 2487 2706; baseline 0.005 -15"><span class='ocrx_word' id='word_1_422' title='bbox 1471 2651 1498 2691; x_wconf 90' lang='grc'><strong>7</strong></span> <span class='ocrx_word' id='word_1_423' title='bbox 1533 2646 1770 2701; x_wconf 70' lang='lat' dir='ltr'>Trident„</span> <span class='ocrx_word' id='word_1_424' title='bbox 1789 2646 1971 2699; x_wconf 90' lang='lat' dir='ltr'>XXIII,</span> <span class='ocrx_word' id='word_1_425' title='bbox 2006 2650 2060 2695; x_wconf 82' lang='lat' dir='ltr'>R.</span> <span class='ocrx_word' id='word_1_426' title='bbox 2094 2647 2137 2699; x_wconf 84' lang='lat'>9,</span> <span class='ocrx_word' id='word_1_427' title='bbox 2160 2645 2258 2694; x_wconf 84' lang='lat' dir='ltr'>Git.</span> <span class='ocrx_word' id='word_1_428' title='bbox 2288 2647 2341 2695; x_wconf 88' lang='lat' dir='ltr'>B.</span> <span class='ocrx_word' id='word_1_429' title='bbox 2366 2646 2487 2706; x_wconf 80' lang='lat' dir='ltr'>Spe·</span> 
     </span>
     <span class='ocr_line' id='line_1_61' title="bbox 1411 2716 2484 2778; baseline 0.001 -14"><span class='ocrx_word' id='word_1_430' title='bbox 1411 2721 1686 2775; x_wconf 73' lang='lat' dir='ltr'>calatoreS,</span> <span class='ocrx_word' id='word_1_431' title='bbox 1703 2722 1731 2771; x_wconf 66' lang='grc' dir='ltr'><strong>ἓ</strong></span> <span class='ocrx_word' id='word_1_432' title='bbox 1750 2719 1793 2763; x_wconf 91' lang='grc'>6.</span> <span class='ocrx_word' id='word_1_433' title='bbox 1815 2718 2189 2774; x_wconf 77' lang='lat' dir='ltr'>Commoratus,</span> <span class='ocrx_word' id='word_1_434' title='bbox 2213 2731 2392 2778; x_wconf 81' lang='lat' dir='ltr'>nempe</span> <span class='ocrx_word' id='word_1_435' title='bbox 2410 2716 2484 2765; x_wconf 64' lang='lat' dir='ltr'>fa-</span> 
     </span>
     <span class='ocr_line' id='line_1_62' title="bbox 1415 2789 2480 2849; baseline 0.003 -16"><span class='ocrx_word' id='word_1_436' title='bbox 1415 2789 1742 2843; x_wconf 89' lang='lat' dir='ltr'>miliaritatis,</span> <span class='ocrx_word' id='word_1_437' title='bbox 1787 2802 1884 2834; x_wconf 90' lang='lat' dir='ltr'>non</span> <span class='ocrx_word' id='word_1_438' title='bbox 1918 2802 2020 2849; x_wconf 89' lang='lat' dir='ltr'>qua</span> <span class='ocrx_word' id='word_1_439' title='bbox 2054 2789 2167 2846; x_wconf 83' lang='lat' dir='ltr'>alia,</span> <span class='ocrx_word' id='word_1_440' title='bbox 2206 2792 2332 2849; x_wconf 81' lang='lat' dir='ltr'>puta</span> <span class='ocrx_word' id='word_1_441' title='bbox 2364 2789 2480 2836; x_wconf 84' lang='lat' dir='ltr'>stu-</span> 
     </span>
     <span class='ocr_line' id='line_1_63' title="bbox 1413 2859 2483 2919; baseline 0.002 -15"><span class='ocrx_word' id='word_1_442' title='bbox 1413 2860 1624 2913; x_wconf 89' lang='lat' dir='ltr'>diorum,</span> <span class='ocrx_word' id='word_1_443' title='bbox 1646 2860 1913 2911; x_wconf 81' lang='lat' dir='ltr'>amicitiae,</span> <span class='ocrx_word' id='word_1_444' title='bbox 1930 2859 2340 2915; x_wconf 83' lang='lat' dir='ltr'>necessitudinis,</span> <span class='ocrx_word' id='word_1_445' title='bbox 2362 2872 2483 2919; x_wconf 81' lang='lat' dir='ltr'>gra-</span> 
     </span>
     <span class='ocr_line' id='line_1_64' title="bbox 1414 2927 2485 2990; baseline 0 -16"><span class='ocrx_word' id='word_1_446' title='bbox 1414 2931 1485 2974; x_wconf 90' lang='lat' dir='ltr'>tia</span> <span class='ocrx_word' id='word_1_447' title='bbox 1517 2930 1579 2987; x_wconf 84' lang='lat' dir='ltr'>(S.</span> <span class='ocrx_word' id='word_1_448' title='bbox 1615 2931 1668 2977; x_wconf 89' lang='lat' dir='ltr'>C.</span> <span class='ocrx_word' id='word_1_449' title='bbox 1703 2929 1769 2984; x_wconf 69' lang='lat' dir='ltr'>C„</span> <span class='ocrx_word' id='word_1_450' title='bbox 1795 2931 1838 2974; x_wconf 88' lang='lat' dir='ltr'>ll</span> <span class='ocrx_word' id='word_1_451' title='bbox 1879 2928 2011 2990; x_wconf 87' lang='lat' dir='ltr'>Sept.</span> <span class='ocrx_word' id='word_1_452' title='bbox 2045 2931 2173 2978; x_wconf 86' lang='lat'>1608.</span> <span class='ocrx_word' id='word_1_453' title='bbox 2204 2933 2329 2977; x_wconf 77' lang='lat' dir='ltr'>Acta</span> <span class='ocrx_word' id='word_1_454' title='bbox 2355 2927 2485 2985; x_wconf 85' lang='lat' dir='ltr'>XIV,</span> 
     </span>
     <span class='ocr_line' id='line_1_65' title="bbox 1414 2999 2483 3058; baseline 0.001 -14"><span class='ocrx_word' id='word_1_455' title='bbox 1414 3001 1532 3058; x_wconf 84' lang='grc'><strong>404).</strong></span> <span class='ocrx_word' id='word_1_456' title='bbox 1569 3000 1661 3045; x_wconf 85' lang='lat' dir='ltr'>Per</span> <span class='ocrx_word' id='word_1_457' title='bbox 1695 3002 1983 3047; x_wconf 78' lang='lat' dir='ltr'>triennium</span> <span class='ocrx_word' id='word_1_458' title='bbox 1998 3014 2018 3052; x_wconf 88' lang='lat'>,·</span> <span class='ocrx_word' id='word_1_459' title='bbox 2054 3002 2150 3047; x_wconf 88' lang='lat' dir='ltr'>etsi</span> <span class='ocrx_word' id='word_1_460' title='bbox 2184 3014 2284 3047; x_wconf 91' lang='lat' dir='ltr'>non</span> <span class='ocrx_word' id='word_1_461' title='bbox 2316 2999 2483 3047; x_wconf 86' lang='lat' dir='ltr'>conti·</span> 
     </span>
     <span class='ocr_line' id='line_1_66' title="bbox 1415 3068 2486 3132; baseline 0.003 -17"><span class='ocrx_word' id='word_1_462' title='bbox 1415 3084 1590 3118; x_wconf 84' lang='lat' dir='ltr'>nuum,</span> <span class='ocrx_word' id='word_1_463' title='bbox 1610 3071 1730 3116; x_wconf 89' lang='lat' dir='ltr'>dum</span> <span class='ocrx_word' id='word_1_464' title='bbox 1746 3085 1808 3117; x_wconf 90' lang='lat' dir='ltr'>ne</span> <span class='ocrx_word' id='word_1_465' title='bbox 1828 3071 1915 3117; x_wconf 92' lang='lat' dir='ltr'>diu</span> <span class='ocrx_word' id='word_1_466' title='bbox 1934 3073 2275 3132; x_wconf 87' lang='lat' dir='ltr'>interruptum</span> <span class='ocrx_word' id='word_1_467' title='bbox 2292 3068 2486 3129; x_wconf 83' lang='lat' dir='ltr'>(Giral.,</span> 
     </span>
     <span class='ocr_line' id='line_1_67' title="bbox 1416 3142 1839 3199; baseline 0.002 -13"><span class='ocrx_word' id='word_1_468' title='bbox 1416 3142 1614 3199; x_wconf 89' lang='lat' dir='ltr'>Lucidi‚</span> <span class='ocrx_word' id='word_1_469' title='bbox 1648 3143 1696 3188; x_wconf 93' lang='lat' dir='ltr'>ll.</span> <span class='ocrx_word' id='word_1_470' title='bbox 1733 3148 1839 3197; x_wconf 83' lang='lat' dir='ltr'>ce.).</span> 
     </span>
    </p>

    <p class='ocr_par' dir='ltr' id='par_1_15' title="bbox 1419 3212 2494 3755">
     <span class='ocr_line' id='line_1_68' title="bbox 1477 3212 2490 3273; baseline -0.001 -15"><span class='ocrx_word' id='word_1_471' title='bbox 1477 3215 1504 3258; x_wconf 88' lang='lat'>8</span> <span class='ocrx_word' id='word_1_472' title='bbox 1529 3214 1677 3269; x_wconf 81' lang='lat' dir='ltr'>Trid.‚</span> <span class='ocrx_word' id='word_1_473' title='bbox 1697 3214 1727 3258; x_wconf 94' lang='lat' dir='ltr'>l.</span> <span class='ocrx_word' id='word_1_474' title='bbox 1746 3228 1785 3260; x_wconf 92' lang='lat' dir='ltr'>c.</span> <span class='ocrx_word' id='word_1_475' title='bbox 1804 3215 1886 3259; x_wconf 86' lang='lat' dir='ltr'>cit.</span> <span class='ocrx_word' id='word_1_476' title='bbox 1907 3214 1958 3260; x_wconf 93' lang='lat' dir='ltr'>B.</span> <span class='ocrx_word' id='word_1_477' title='bbox 1978 3218 2007 3268; x_wconf 69' lang='grc' dir='ltr'><strong>ἓ</strong></span> <span class='ocrx_word' id='word_1_478' title='bbox 2025 3214 2066 3258; x_wconf 84' lang='grc'><strong>6.</strong></span> <span class='ocrx_word' id='word_1_479' title='bbox 2084 3212 2190 3260; x_wconf 89' lang='lat' dir='ltr'>Hoc</span> <span class='ocrx_word' id='word_1_480' title='bbox 2213 3226 2270 3259; x_wconf 87' lang='lat' dir='ltr'>eo</span> <span class='ocrx_word' id='word_1_481' title='bbox 2288 3212 2490 3273; x_wconf 84' lang='lat' dir='ltr'>spectat</span> 
     </span>
     <span class='ocr_line' id='line_1_69' title="bbox 1419 3283 2486 3339; baseline -0.003 -8"><span class='ocrx_word' id='word_1_482' title='bbox 1419 3289 1476 3332; x_wconf 90' lang='lat' dir='ltr'>ut</span> <span class='ocrx_word' id='word_1_483' title='bbox 1509 3285 1838 3339; x_wconf 89' lang='lat' dir='ltr'>ordinandus,</span> <span class='ocrx_word' id='word_1_484' title='bbox 1865 3288 2094 3331; x_wconf 86' lang='lat' dir='ltr'>cessante</span> <span class='ocrx_word' id='word_1_485' title='bbox 2122 3283 2486 3338; x_wconf 84' lang='lat' dir='ltr'>familiaritate,</span> 
     </span>
     <span class='ocr_line' id='line_1_70' title="bbox 1420 3353 2488 3414; baseline -0.005 -13"><span class='ocrx_word' id='word_1_486' title='bbox 1420 3356 1604 3402; x_wconf 84' lang='lat' dir='ltr'>habeat</span> <span class='ocrx_word' id='word_1_487' title='bbox 1646 3355 1777 3401; x_wconf 87' lang='lat' dir='ltr'>unde</span> <span class='ocrx_word' id='word_1_488' title='bbox 1817 3357 1984 3400; x_wconf 86' lang='lat' dir='ltr'>vivere</span> <span class='ocrx_word' id='word_1_489' title='bbox 2019 3354 2202 3414; x_wconf 85' lang='lat' dir='ltr'>possit:</span> <span class='ocrx_word' id='word_1_490' title='bbox 2239 3353 2354 3399; x_wconf 82' lang='lat' dir='ltr'>ideo</span> <span class='ocrx_word' id='word_1_491' title='bbox 2384 3363 2488 3398; x_wconf 88' lang='lat' dir='ltr'>non</span> 
     </span>
     <span class='ocr_line' id='line_1_71' title="bbox 1421 3421 2489 3485; baseline -0.004 -14"><span class='ocrx_word' id='word_1_492' title='bbox 1421 3429 1631 3472; x_wconf 86' lang='lat' dir='ltr'>interest</span> <span class='ocrx_word' id='word_1_493' title='bbox 1671 3440 1770 3485; x_wconf 85' lang='lat' dir='ltr'>qua</span> <span class='ocrx_word' id='word_1_494' title='bbox 1813 3426 1864 3470; x_wconf 89' lang='lat' dir='ltr'>in</span> <span class='ocrx_word' id='word_1_495' title='bbox 1918 3423 2135 3471; x_wconf 87' lang='lat' dir='ltr'>dioecesi</span> <span class='ocrx_word' id='word_1_496' title='bbox 2189 3421 2489 3470; x_wconf 84' lang='lat' dir='ltr'>beneficium</span> 
     </span>
     <span class='ocr_line' id='line_1_72' title="bbox 1421 3490 2490 3556; baseline -0.005 -14"><span class='ocrx_word' id='word_1_497' title='bbox 1421 3498 1643 3556; x_wconf 88' lang='lat' dir='ltr'>positum</span> <span class='ocrx_word' id='word_1_498' title='bbox 1665 3497 1734 3542; x_wconf 89' lang='lat' dir='ltr'>sit</span> <span class='ocrx_word' id='word_1_499' title='bbox 1751 3495 1820 3549; x_wconf 80' lang='lat' dir='ltr'>(S.</span> <span class='ocrx_word' id='word_1_500' title='bbox 1841 3496 1894 3543; x_wconf 92' lang='lat' dir='ltr'>C.</span> <span class='ocrx_word' id='word_1_501' title='bbox 1916 3496 1983 3549; x_wconf 91' lang='lat' dir='ltr'>C.,</span> <span class='ocrx_word' id='word_1_502' title='bbox 2004 3508 2082 3554; x_wconf 87' lang='lat' dir='ltr'>ap.</span> <span class='ocrx_word' id='word_1_503' title='bbox 2100 3491 2405 3544; x_wconf 87' lang='lat' dir='ltr'>Gallemard,</span> <span class='ocrx_word' id='word_1_504' title='bbox 2424 3490 2490 3538; x_wconf 87' lang='lat' dir='ltr'>ad</span> 
     </span>
     <span class='ocr_line' id='line_1_73' title="bbox 1423 3562 2489 3621; baseline -0.004 -9"><span class='ocrx_word' id='word_1_505' title='bbox 1423 3567 1571 3618; x_wconf 89' lang='lat' dir='ltr'>Trid.‚</span> <span class='ocrx_word' id='word_1_506' title='bbox 1599 3567 1630 3612; x_wconf 94' lang='lat' dir='ltr'>l.</span> <span class='ocrx_word' id='word_1_507' title='bbox 1654 3573 1728 3621; x_wconf 89' lang='lat' dir='ltr'>c.).</span> <span class='ocrx_word' id='word_1_508' title='bbox 1763 3568 1827 3612; x_wconf 87' lang='lat' dir='ltr'>Et</span> <span class='ocrx_word' id='word_1_509' title='bbox 1859 3567 1903 3611; x_wconf 89' lang='lat' dir='ltr'>si</span> <span class='ocrx_word' id='word_1_510' title='bbox 1936 3566 1980 3611; x_wconf 89' lang='lat' dir='ltr'>is</span> <span class='ocrx_word' id='word_1_511' title='bbox 2015 3565 2152 3610; x_wconf 85' lang='lat' dir='ltr'>aliud</span> <span class='ocrx_word' id='word_1_512' title='bbox 2188 3562 2489 3610; x_wconf 81' lang='lat' dir='ltr'>beneficium</span> 
     </span>
     <span class='ocr_line' id='line_1_74' title="bbox 1424 3634 2494 3698; baseline -0.004 -16"><span class='ocrx_word' id='word_1_513' title='bbox 1424 3643 1512 3683; x_wconf 84' lang='lat' dir='ltr'>aut</span> <span class='ocrx_word' id='word_1_514' title='bbox 1544 3638 1905 3698; x_wconf 86' lang='lat' dir='ltr'>patrimonium</span> <span class='ocrx_word' id='word_1_515' title='bbox 1940 3635 2137 3690; x_wconf 87' lang='lat' dir='ltr'>habeat,</span> <span class='ocrx_word' id='word_1_516' title='bbox 2177 3634 2494 3695; x_wconf 10' lang='lat' dir='ltr'>haecineces-</span> 
     </span>
     <span class='ocr_line' id='line_1_75' title="bbox 1424 3705 2493 3755; baseline -0.005 -2"><span class='ocrx_word' id='word_1_517' title='bbox 1424 3710 1551 3754; x_wconf 86' lang='lat' dir='ltr'>sitas</span> <span class='ocrx_word' id='word_1_518' title='bbox 1585 3707 1870 3755; x_wconf 86' lang='lat' dir='ltr'>conferendi</span> <span class='ocrx_word' id='word_1_519' title='bbox 1903 3707 1946 3752; x_wconf 88' lang='lat' dir='ltr'>ei</span> <span class='ocrx_word' id='word_1_520' title='bbox 1978 3705 2276 3752; x_wconf 84' lang='lat' dir='ltr'>beneficium</span> <span class='ocrx_word' id='word_1_521' title='bbox 2310 3706 2493 3749; x_wconf 81' lang='lat' dir='ltr'>cessat.</span> 
     </span>
    </p>
   </div>
   <div class='ocr_carea' id='block_1_8' title="bbox 1425 3852 1560 3904">
    <p class='ocr_par' dir='ltr' id='par_1_16' title="bbox 1425 3852 1560 3904">
     <span class='ocr_line' id='line_1_76' title="bbox 1425 3852 1560 3904; baseline 0.022 -12"><span class='ocrx_word' id='word_1_522' title='bbox 1425 3855 1454 3904; x_wconf 70' lang='lat' dir='ltr'><strong>g</strong></span> <span class='ocrx_word' id='word_1_523' title='bbox 1495 3852 1560 3896; x_wconf 86' lang='lat'>14.</span> 
     </span>
    </p>
   </div>
   <div class='ocr_carea' id='block_1_9' title="bbox 1483 3755 2632 3846">
    <p class='ocr_par' dir='ltr' id='par_1_17' title="bbox 1483 3755 2632 3846">
     <span class='ocr_line' id='line_1_77' title="bbox 1483 3755 2632 3846; baseline 0 -24"><span class='ocrx_word' id='word_1_524' title='bbox 1483 3781 1512 3822; x_wconf 84' lang='lat'>9</span> <span class='ocrx_word' id='word_1_525' title='bbox 1543 3779 1736 3834; x_wconf 73' lang='lat' dir='ltr'>Devoti,</span> <span class='ocrx_word' id='word_1_526' title='bbox 1774 3781 1898 3826; x_wconf 54' lang='grc' dir='ltr'><strong>[ηδε.</strong></span> <span class='ocrx_word' id='word_1_527' title='bbox 1941 3777 2064 3824; x_wconf 76' lang='lat' dir='ltr'>can.</span> <span class='ocrx_word' id='word_1_528' title='bbox 2098 3774 2204 3821; x_wconf 79' lang='lat' dir='ltr'>Lib.</span> <span class='ocrx_word' id='word_1_529' title='bbox 2229 3774 2263 3829; x_wconf 92' lang='lat'>1,</span> <span class='ocrx_word' id='word_1_530' title='bbox 2289 3774 2384 3820; x_wconf 81' lang='lat' dir='ltr'>Tit.</span> <span class='ocrx_word' id='word_1_531' title='bbox 2408 3771 2492 3828; x_wconf 81' lang='lat' dir='ltr'>iv,</span> <span class='ocrx_word' id='word_1_532' title='bbox 2594 3755 2632 3846; x_wconf 18' lang='lat' dir='ltr'>&#39;J-</span> 
     </span>
    </p>
   </div>
   <div class='ocr_carea' id='block_1_10' title="bbox 2579 2238 2632 4094">
    <p class='ocr_par' dir='ltr' id='par_1_18' title="bbox 2579 2238 2632 4094">
     <span class='ocr_line' id='line_1_78' title="bbox 2579 2238 2632 4094; baseline 0 0"><span class='ocrx_word' id='word_1_533' title='bbox 2579 2238 2632 4094; x_wconf 95' lang='lat' dir='ltr'> </span> 
     </span>
    </p>
   </div>
  </div>
 </body>
</html>
