2632 4094
262 138 363 194 342
852 154 997 194 tissa
1032 153 1099 192 m.
1134 166 1158 179 -
1190 152 1363 192 macr.
1398 152 1464 192 vt.
1500 152 1565 191 ns
1599 150 1908 192 nummulo

261 253 339 295 ex
381 238 750 294 matrimonio
791 237 973 303 civili,
1011 238 1166 309 quod
1206 238 1438 302 vocant,
1481 235 1538 291 in
1577 236 1668 291 his
1708 235 1851 292 locis
1892 234 1989 292 ubi
2029 228 2562 296 contrahendum

265 330 359 383 est
400 342 595 382 coram
638 327 886 396 parocho
925 329 986 382 et
1026 328 1279 383 testibus
1310 325 1442 398 (27).
1481 324 1865 381 Contrabitur
1905 325 2062 383 inter
2099 340 2395 398 sponsum,
2434 326 2539 383 et-

265 416 739 484 consanguineas
767 417 961 486 sponsi
1002 432 1077 472 ex
1118 431 1233 471 uno
1273 416 1486 479 latere;
1531 430 1606 470 ex
1646 414 1837 470 altero
1869 429 2010 471 vero
2043 415 2200 472 inter
2227 428 2501 487 sponsam
2563 452 2566 460 -

266 510 326 560 et
367 505 561 575 sponsi
603 506 1073 575 consanguineos
1111 505 1242 577 (28).
1287 506 1413 560 sive
1456 504 1756 574 legitimos
1809 504 1935 560 sive
1979 502 2319 574 illegitimos
2364 502 2503 580 (29),

264 594 459 650 lineae
515 598 636 649 tum
695 598 894 651 rectae
949 599 1071 650 tum
1120 595 1408 665 obliquae.
1451 595 1670 650 Verum
1712 607 1783 649 ea
1822 608 1974 664 quae
2017 591 2383 649 contrahitur
2421 605 2505 648 ex

266 684 637 754 sponsalibus
670 682 743 748 1⁰,
786 700 937 755 quae
967 701 1039 739 ex
1069 685 1451 748 matrimoni0‚
1481 684 1537 739 4⁰
1568 683 1873 754 utriusque
1915 683 2109 740 lineae
2149 683 2339 753 gradu
2372 681 2501 737 fini-

266 782 366 828 tur
403 772 532 844 (30).
574 775 661 837 Et,
705 777 873 843 prout
913 774 1186 840 affinitas,
1229 789 1360 829 cuin
1402 774 1582 829 semel
1633 773 1810 828 fuerit
1856 774 2175 838 contracta,
2216 773 2542 843 perpetua·

267 866 374 924 est,
406 878 514 918 nec
536 867 731 920 cessat
759 865 1034 919 resolutis
1065 867 1379 934 utcumque
1402 862 1788 933 sponsalibus,
1810 863 1914 918 aut
1935 861 2326 925 matrimonio;
2351 876 2406 915 v.
2430 851 2507 924 c..

266 956 469 1008 mutuo
497 954 764 1010 dissensu
798 953 932 1027 (31),
962 955 1055 1010 vel
1086 956 1272 1008 morte
1301 953 1432 1025 (32).
1463 956 1539 1008 At
1581 969 1719 1010 vero
1761 969 1832 1008 ea
1870 969 2022 1024 quae
2062 954 2250 1010 oritur
2277 968 2351 1009 ex
2381 967 2503 1009 ma·
2564 970 2566 973 ’

266 1043 540 1098 trimonio
581 1044 841 1099 invalido
880 1044 1016 1116 (non
1061 1044 1418 1113 consumato)
1454 1058 1571 1098 non
1612 1043 1787 1098 solvit
1827 1043 2019 1113 priora
2052 1042 2346 1113 sponsalia
2367 1040 2500 1113 (33).

266 1133 340 1188 Et
368 1133 417 1187 si
445 1133 594 1203 quis,
623 1135 738 1188 duo
765 1133 1057 1204 sponsalia
1086 1134 1298 1196 valida,
1329 1134 1421 1188 vel
1453 1134 1565 1187 duo
1586 1132 1961 1187 matrimonia
1990 1131 2252 1188 invalida
2281 1130 2504 1195 inierit.

267 1225 424 1278 bunc
459 1226 808 1279 contrahere
848 1224 1066 1294 duplex
1109 1222 1377 1293 publicae
1420 1222 1749 1277 honestatis
1792 1221 2295 1292 impedimentum,
2335 1217 2505 1312 quasi

269 1327 346 1367 ex
385 1313 604 1383 duplici
646 1328 841 1377 causa,
884 1313 931 1367 si
974 1313 1113 1383 quid
1155 1311 1374 1382 opinor,
1418 1311 1607 1382 palam
1649 1314 1755 1367 est.

2288 53 2297 75 ,⁴
2284 0 2310 37 'g'

2387 92 2398 103 f
2366 35 2400 66 'Ii'

2457 92 2490 130 ’ἕν

2498 95 2523 138 ἐν..

2550 183 2553 185 .
2537 149 2541 155 “
2524 83 2546 134 ““””

2564 173 2568 177 .
2554 113 2573 139 '-
2555 95 2559 98 ’

2574 98 2591 113 Ἰν

2606 667 2632 817 »nri«.
2593 553 2632 652 Q*
2585 292 2632 535 Μ’
2587 205 2621 249 *s
2594 107 2624 185 ‘³⁸5‘
2610 51 2619 69 ·‘
2600 28 2605 34 ³

360 1538 387 1579 7
421 1535 468 1582 S.
494 1535 545 1583 C.
570 1534 640 1588 0.,
667 1534 720 1578 13
744 1534 885 1579 Mart.
919 1533 1044 1579 1879.
1071 1532 1136 1578 Et
1159 1533 1231 1578 ita
1253 1534 1336 1580 de·

268 1608 500 1654 claravit
526 1618 589 1651 ac
620 1606 811 1651 statuit
844 1606 1081 1664 (quorum
1122 1604 1334 1650 alterum

269 1678 616 1738 praeteritum,
640 1676 870 1721 futurum
893 1675 1108 1720 alterum
1133 1678 1336 1733 tempus

269 1748 517 1808 respicere
560 1746 728 1807 palam
776 1751 874 1802 est)
919 1746 1004 1792 SS.
1048 1745 1104 1790 D.
1143 1745 1200 1790 N.
1237 1746 1337 1792 Leo

270 1818 361 1864 PP.
380 1818 511 1870 XIII,
533 1817 613 1863 die
632 1819 686 1864 17
707 1818 848 1863 Mart.
875 1817 1017 1869 1879,
1036 1818 1144 1863 sive
1164 1817 1338 1877 sponsi

270 1890 540 1935 intendant
572 1902 773 1936 meram
805 1892 1184 1936 coeremoniam
1216 1890 1339 1935 civi-

273 1963 374 2007 lem
405 1973 657 2019 peragere,
679 1960 813 2019 quod
847 1960 1055 2019 planum
1089 1964 1195 2014 est3
1231 1959 1339 2005 sive

271 2033 556 2088 sponsalia,
576 2030 683 2075 sive
716 2033 1112 2077 matrimonium
1144 2031 1216 2088 (in
1241 2043 1339 2089 quo

273 2115 387 2147 curn
432 2102 611 2162 primis
657 2103 821 2148 omnis
855 2100 1128 2155 difficultas
1179 2102 1340 2162 posita

272 2172 454 2230 fuerat)
475 2174 611 2220 inire
632 2171 846 2229 (Decret.
870 2172 953 2219 To.
983 2173 1077 2225 138,
1102 2186 1148 2231 p.
1189 2173 1310 2229 183).

334 2243 482 2289 Porro
507 2244 886 2289 matrimonium
909 2244 1071 2297 civile,
1096 2244 1231 2303 quod
1257 2255 1341 2289 vo-

272 2317 406 2373 cant,
432 2317 818 2363 clandestinum
843 2316 1220 2360 matrimonium
1249 2319 1341 2366 est,

274 2387 461 2445 quippe
495 2386 679 2431 initum
715 2387 906 2432 omissa
935 2385 1114 2443 forma
1136 2385 1339 2431 Triden-

272 2458 392 2501 tini:
430 2470 551 2501 num
576 2458 752 2516 igitur,
775 2458 865 2502 hoc
888 2459 1113 2515 excepto,
1140 2470 1199 2500 ex
1227 2456 1340 2502 aliis

275 2526 608 2572 clandestinis
637 2527 975 2572 matrimoniis
1000 2528 1193 2573 oriatur
1220 2541 1264 2586 p.
1292 2527 1339 2572 h.

275 2597 707 2655 impedimentum,
730 2611 820 2643 eeu
845 2598 1161 2643 existimavit
1187 2597 1339 2651 Pont„

275 2666 383 2725 VII,
423 2668 494 2720 36,
538 2668 586 2712 5:
638 2681 699 2713 an
749 2681 912 2726 secuS,
963 2669 1038 2713 uti
1082 2672 1225 2714 ratus
1265 2672 1343 2714 est

276 2738 517 2792 Sanchez,
551 2738 657 2792 VII,
693 2739 767 2793 70,
806 2738 915 2794 13>?
942 2740 1180 2797 Quaestio
1220 2739 1343 2785 haec

276 2810 470 2854 dudum
506 2810 648 2865 (dum
683 2811 734 2855 in
770 2809 816 2856 S.
842 2811 894 2857 C.
920 2809 971 2854 G.
1002 2809 1245 2869 agebatur
1282 2809 1342 2854 de

278 2882 599 2926 matrimonio
632 2881 790 2930 civili)
815 2880 1091 2929 recruduit,
1122 2894 1212 2926 nec
1247 2894 1341 2926 me-

276 2950 526 2996 diocriter.
564 2951 724 3010 Negat
748 2953 989 3009 Sanchez,
1013 2952 1215 3012 aliique.
1245 2951 1343 2998 Sed

276 3022 363 3079 qui
418 3024 720 3068 contrariam
778 3023 1085 3068 sententiam
1137 3026 1345 3067 tuentur

277 3092 426 3147 (inter
460 3105 586 3151 quos
620 3093 912 3152 Fagnanus,
955 3096 1006 3138 et
1039 3092 1156 3138 Ben.
1191 3092 1340 3146 XIV),

279 3163 453 3221 utique
503 3163 674 3222 plures
724 3178 931 3209 numero
980 3168 1124 3216 sunt,
1170 3177 1343 3208 verum

280 3232 435 3286 (absit
470 3232 617 3278 verbo
650 3234 874 3290 invidia),
901 3248 989 3292 pro
1013 3233 1226 3279 dimidia
1248 3234 1346 3279 sal-

279 3308 379 3346 tem
416 3316 585 3349 eorum
630 3310 773 3363 parte
818 3305 1006 3351 sufficit
1051 3306 1175 3350 mihi
1211 3318 1344 3349 unus

282 3371 402 3418 The.
450 3373 688 3419 Sancbez.
724 3376 963 3434 Reliquos
1006 3388 1122 3421 vero
1167 3375 1343 3421 admo·

280 3442 399 3488 dum
437 3446 721 3491 verosimile
755 3450 845 3499 est,
876 3449 1078 3506 jurasse
1111 3447 1162 3491 in
1197 3445 1347 3491 verba

273 3512 562 3560 Gallemart
591 3515 670 3559 (V.
706 3516 753 3561 S.
789 3517 952 3575 Alph„
989 3516 1071 3570 VI,
1118 3516 1266 3574 1064),
1298 3519 1348 3560 et

281 3582 506 3642 Fagnani
554 3586 603 3630 in
645 3587 1050 3645 Jurisprudentia
1099 3587 1144 3631 S.
1193 3586 1242 3630 C.
1292 3587 1344 3633 C.

281 3656 446 3712 (cujus
481 3657 738 3701 secretarii
773 3670 977 3701 munere
1021 3657 1110 3702 diu
1140 3657 1346 3703 functus

282 3730 409 3781 erat)
454 3725 814 3781 versatissimi3
868 3730 955 3784 qui
1001 3726 1127 3773 falso
1170 3727 1345 3772 testati

278 3799 404 3839 sunt
438 3795 541 3853 (ille
576 3797 638 3842 ad
674 3796 807 3843 Trid.
829 3796 1009 3854 XXIV,
1036 3798 1110 3844 De
1136 3798 1192 3844 R.
1217 3797 1280 3842 M.
1303 3797 1346 3854 3,

2452 1296 2460 1396 2
2493 1330 2495 1340 ,

1438 1531 1483 1577 is
1517 1531 1672 1578 semel
1706 1537 1758 1578 et
1790 1532 1975 1578 iterum
2018 1533 2071 1578 in
2104 1533 2159 1581 C.
2190 1532 2266 1579 Aa
2301 1535 2512 1582 auden·

1439 1604 1586 1657 tiam,
1619 1605 1669 1648 et
1701 1603 1753 1652 C.
1788 1604 2043 1662 Sponsam
2075 1607 2149 1651 De
2178 1604 2506 1664 sponsalia),

1439 1673 1788 1732 quaestionem
1836 1673 1967 1720 hanc
2013 1672 2075 1720 ab
2116 1673 2204 1721 illa
2246 1673 2293 1720 S.
2333 1674 2386 1724 C.
2431 1675 2505 1722 di-

1441 1748 1687 1803 remptam
1704 1744 1879 1792 fuisse.
1895 1745 2024 1792 Reor
2041 1746 2390 1806 quaestionem
2413 1745 2513 1795 hu·

1433 1816 1659 1876 jusmodi
1694 1830 1723 1862 a
1745 1816 1851 1863 sola
1874 1816 1921 1864 S.
1947 1816 2074 1863 Sede
2097 1815 2295 1864 definiri
2327 1829 2503 1878 posse;

1441 1889 1591 1946 atque
1614 1887 1742 1943 ideo,
1767 1901 1824 1932 ea
1847 1886 2151 1944 inconsulta,
2172 1886 2304 1935 nihil
2334 1888 2398 1936 ab
2418 1887 2507 1937 Or-

1441 1957 1652 2017 dinariis
1680 1958 1969 2004 audendum
2002 1970 2132 2013 esse,
2168 1959 2276 2006 sive
2307 1956 2371 2006 de
2403 1971 2520 2007 ma·-

1440 2030 1695 2074 trirnoniis
1728 2028 1981 2082 ineundis,
2007 2029 2115 2075 sive
2140 2028 2204 2076 de
2229 2029 2512 2078 dissolven-

1442 2098 1521 2144 dis
1556 2098 1691 2159 apud
1727 2098 1866 2159 ipsos
1898 2103 2093 2159 agatur.

1503 2170 1562 2215 28
1597 2171 1671 2217 De
1700 2172 1847 2226 Just„
1875 2170 1935 2227 11,
1959 2171 2002 2222 8,
2035 2172 2079 2218 7.
2101 2170 2211 2218 Non
2244 2171 2367 2218 item
2389 2182 2507 2219 oum

1443 2240 1675 2287 affinibus
1710 2241 1925 2298 (Sanch.,
1960 2241 2068 2298 VII,
2098 2241 2174 2301 68,
2206 2242 2270 2295 3).
2416 2249 2426 2257 ⁴

1502 2311 1561 2355 29
1574 2311 1650 2356 Ex
1663 2312 1714 2359 C.
1730 2313 1772 2366 8,
1788 2313 1862 2361 De
1876 2313 2052 2371 Βροῦτε.
2067 2315 2117 2360 et
2130 2314 2306 2368 Matr.,·
2316 2313 2520 2375 Saucia,

1444 2381 1549 2435 VII,
1583 2383 1655 2437 68,
1690 2386 1731 2427 4.
1754 2385 1830 2431 De
1846 2384 2000 2440 Just,
2031 2384 2070 2439 Ι,
2104 2383 2236 2438 VIII,
2270 2386 2313 2431 4.

1503 2453 1562 2497 30
1579 2454 1631 2502 C.
1650 2453 1743 2501 Un.
1755 2458 1825 2502 De
1844 2454 2105 2512 &nom-„in
2125 2455 2339 2510 6⁰3Trid.
2357 2454 2508 2513 XXV,

1444 2524 1502 2571 R.
1524 2525 1588 2571 M.
1612 2525 1650 2569 3.
1677 2525 1774 2571 Sed
1809 2538 1879 2579 ea,
1905 2536 2032 2584 quae
2056 2526 2216 2571 oritur
2238 2539 2300 2571 ex
2329 2525 2508 2583 matri-

1445 2597 1626 2651 moni0,
1651 2597 1930 2643 secundum
1956 2610 2069 2643 cum
2095 2595 2377 2656 illegitimis
2397 2609 2513 2658 gra-

1447 2666 1569 2713 dum
1602 2681 1700 2713 non
1735 2668 1949 2721 excedit,
1984 2669 2028 2714 si
2062 2667 2184 2728 quid
2223 2669 2412 2727 opinor,
2449 2664 2530 2716 vne⁴

1446 2737 1563 2797 plus
1582 2742 1808 2798 praestet
1827 2751 1981 2799 quam
2008 2738 2245 2795 affinitas,
2266 2751 2396 2799 qnae
2415 2731 2521 2786 foi·-

1447 2808 1552 2854 tius
1585 2809 1847 2855 vinculum
1881 2813 1973 2855 est.

1507 2879 1557 2923 31
1597 2880 1739 2925 Alex.
1775 2879 1885 2931 VII,
1918 2882 1964 2935 6,
1983 2879 2086 2927 Jul'.
2112 2881 2246 2937 1668;
2270 2880 2318 2927 S.
2342 2879 2522 2941 Alph.,

1446 2948 1528 3008 VI,
1568 2951 1694 2995 1063.
1727 2953 1785 2996 A.
1821 2950 2036 3010 Allegre,
2068 2956 2096 3006 §
2128 2950 2235 3007 XII,
2273 2953 2309 2997 1.

1508 3024 1564 3069 32
1589 3023 1664 3067 Ex
1684 3024 1737 3071 C.
1756 3024 1799 3082 8,
1823 3026 1891 3070 De
1912 3024 2166 3080 Sponsae„
2190 3019 2528 3082 Sanch.,VII„
2613 2995 2621 2999 ἤ

1446 3094 1643 3212 68332ἒ.
1666 3179 1749 3210 un.
1773 3166 1848 3212 De
1875 3166 2065 3222 Spons„
2090 3165 2140 3209 in
2164 3163 2228 3209 6⁰.
2246 3160 2519 3222 Sponsalia

1447 3234 1591 3289 inita,
1613 3236 1837 3294 inquam,
1871 3248 1984 3281 cum
2008 3234 2189 3294 quovis
2212 3231 2512 3291 consangui-

1448 3319 1540 3350 neo
1574 3307 1762 3364 sponsi,
1797 3319 1887 3351 seu
1912 3318 2127 3364 sponsae
2153 3302 2370 3362 (Sanch.‚
2401 3300 2513 3357 vn,

1449 3377 1520 3430 68,
1544 3377 1636 3431 23).
1661 3376 1764 3421 Hoc
1787 3375 2210 3435 impedimentum
2236 3372 2435 3419 nullum
2458 3372 2516 3417 in
2607 3355 2615 3393 s

1442 3447 1555 3505 jure
1574 3447 1796 3492 naturali
1811 3445 2200 3491 fundamentum
2221 3442 2387 3498 habet,
2401 3441 2521 3490 ideo
2595 3480 2606 3511 ;

1451 3516 1592 3561 nulla
1623 3518 1869 3575 cognatio,
1905 3514 2108 3561 nullum
2136 3511 2395 3560 vinculum
2421 3513 2520 3559 ori-

1450 3592 1532 3632 tur
1550 3599 1612 3632 ex
1627 3587 1952 3646 sponsalibus
1973 3589 2024 3631 et
2046 3583 2368 3631 matrimonio
2389 3584 2521 3639 rato,
2580 3583 2603 3639 ’ᾗῖ

1450 3671 1539 3703 seu
1575 3658 1797 3703 invalido
1830 3657 2048 3715 (Sanch.,
2070 3653 2179 3709 VII,
2210 3654 2286 3711 60,
2307 3653 2401 3711 67)
2423 3664 2550 3721 seu>
2588 3669 2598 3698 ἡ

1451 3727 1618 3773 valido
1652 3729 1856 3783 (Contra
1890 3722 2519 3780 Sanch„1oc.cit.n.6)‚
2575 3724 2596 3767 :5

1449 3798 1503 3843 in
1536 3797 1836 3845 infidelitate
1869 3797 2157 3845 contractis.
