2632 4094
180 125 278 182 126

650 142 791 180 uam
828 142 877 180 n.
903 154 925 166 ·
959 142 1132 180 macr.
1168 141 1216 180 u.
1254 142 1319 181 ΒΕ
1350 141 1547 181 'numo
1583 140 1950 183 ssccttsus'nco

1767 0 1907 67 J.

177 229 361 297 prima
404 226 689 290 limitatio,
727 240 801 280 ex
843 225 1218 295 indulgentia
1257 226 1676 297 dispensatoris
1715 226 1791 283 ad
1831 242 1931 285 eos
1971 243 2086 284 non
2130 228 2408 300 pertinet,

174 318 271 388 qui
295 318 376 386 Jej
390 316 506 370 unii
539 316 672 383 lege
701 314 846 386 (27);
875 314 1069 371 altera
1097 330 1195 372 eos
1225 330 1337 371 non
1367 318 1550 380 tenet,
1580 314 1679 386 qui
1711 315 1847 386 lege
1879 316 2279 375 abstinentiae
2298 315 2414 391 (28)

175 421 288 460 non
321 408 456 459 sunt
485 403 765 464 obstricti,
799 404 938 475 quia
966 404 1402 474 dispensatione
1433 419 1545 459 non
1576 407 1775 474 egent.
1805 405 2068 479 Episcopi
2100 406 2147 463 si
2179 407 2413 479 dispen-

174 498 307 548 sant
347 509 418 549 ex
453 495 746 562 potestate
781 493 867 549 eis
897 494 1172 548 mandata
1200 510 1235 548 a
1266 494 1327 547 R.
1360 494 1438 557 P..
1468 494 1514 548 si
1548 493 1603 547 in
1648 493 1862 550 Literis
1889 494 2238 566 Apostolicis
2267 495 2412 552 nihil

175 584 527 646 continetur,
564 586 865 653 nequeunt
906 583 1106 637 mitius
1146 598 1319 653 quam
1361 583 1440 637 hio
1482 582 1634 637 solet
1674 583 2015 654 dispensare
2036 583 2172 655 (29):
2208 585 2298 640 siu
2327 599 2416 640 or·
2483 577 2487 594 ⁴

175 673 402 728 dinario
421 673 556 741 jure
580 686 700 735 suc,
723 672 1061 742 dispensare
1087 674 1346 742 possunt,
1372 672 1585 727 nedum
1608 672 1894 742 singulos,
1923 689 2074 745 quae
2097 677 2260 731 certa
2278 673 2414 747 (30),

176 763 278 818 sed
308 765 368 816 et
399 762 719 823 universos,
751 776 902 832 quae
946 761 1258 831 probabilis
1278 761 1388 831 (31)
1420 761 1724 816 sententia
1752 764 1876 826 est;
1914 778 2121 834 nempe
2150 764 2416 834 singulos

179 868 252 907 ex
283 851 551 920 legitima
591 866 787 915 causa,
818 852 1125 906 universos
1167 865 1242 905 ex
1282 851 1633 920 gravissima
1662 856 1722 906 et
1756 855 2010 922 urgente
2041 853 2414 919 necessitate,

178 946 240 997 et
266 942 521 1010 singulis
551 940 779 996 vicibus
808 946 1036 996 tantum
1063 941 1188 1012 (32).
1220 940 1463 996 Paroclii
1493 941 1748 1013 denique
1779 942 1869 1013 (V.
1893 941 2045 997 Prol.
2074 943 2110 1012 ἓ
2136 942 2272 1015 231)
2300 942 2419 1000 sin-

177 1032 348 1100 gulos
375 1035 624 1094 tantum,
656 1034 717 1086 et
758 1031 1009 1099 singulis
1055 1031 1277 1086 vicibus
1297 1030 1441 1104 (33):
1473 1047 1678 1101 nempe
1721 1036 1960 1087 servata
2001 1032 2126 1088 sive
2167 1034 2241 1088 ab
2279 1032 2417 1097 illis,

178 1124 303 1177 sive
344 1122 418 1176 ab
462 1121 551 1176 his
596 1122 803 1176 unicae
845 1119 1233 1183 comestionis,
1262 1123 1323 1176 et
1365 1122 1586 1176 vetitae
1631 1121 2090 1190 promiscuitatis
2120 1122 2255 1191 lege
2274 1119 2416 1194 (34).

259 1212 380 1267 138.
412 1211 499 1265 Ad
544 1214 869 1265 extremum
912 1210 1247 1280 quaesitum
1288 1211 1397 1273 est,
1428 1213 1626 1265 utrum
1672 1211 1719 1265 is
1755 1211 1854 1281 qui
1901 1226 2012 1265 non
2057 1213 2251 1282 potest
2290 1211 2421 1268 sine

183 1301 540 1355 incommodo
580 1299 749 1369 gravi
792 1314 1029 1354 servare
1075 1302 1249 1353 un'am
1288 1299 1503 1369 jeJ‘unii
1558 1302 1800 1370 partem,
1842 1304 2121 1357 teneatur
2167 1301 2420 1358 alteram
2467 1307 2479 1324 '·

178 1405 419 1445 servare
462 1405 634 1460 quam
678 1388 912 1459 potest?
955 1403 1087 1443 nam
1128 1392 1380 1459 utraque
1411 1388 1663 1445 invicem
1692 1394 1966 1460 separata
1994 1394 2101 1446 est.
2133 1391 2206 1446 Et
2234 1389 2288 1446 ei
2320 1390 2421 1461 qui

182 1495 292 1534 non
325 1484 516 1549 potest
558 1479 732 1534 unica
774 1478 1095 1533 refectione
1123 1477 1222 1543 ali,
1250 1493 1286 1532 a
1314 1479 1589 1534 carnibus
1618 1493 1747 1535 esse
1783 1479 2218 1544 abstinendum,
2252 1479 2424 1536 hodie

178 1573 348 1623 verior
382 1574 440 1623 et
470 1574 631 1624 certa
654 1568 789 1639 (35):
834 1567 886 1622 ei
930 1567 1025 1638 qui
1071 1583 1184 1622 non
1229 1569 1420 1638 potest
1460 1569 1759 1624 abstinere
1801 1569 2094 1634 carnibus,
2124 1570 2303 1625 unica
2335 1583 2426 1625 re·

182 1659 435 1714 sectione
468 1660 743 1713 utendum
776 1673 922 1721 esse,
953 1658 1092 1712 mihi
1131 1658 1323 1713 verior
1354 1657 1525 1727 (Prol.
1547 1659 1582 1727 g
1619 1659 1738 1723 168,
1767 1658 1884 1731 42),
1913 1660 2015 1715 sed
2047 1661 2426 1715 controversa

182 1750 483 1804 sententia
524 1753 613 1803 est
635 1746 769 1819 (36).

261 1840 383 1893 139.
412 1839 639 1894 Juverit
672 1854 825 1892 nunc
865 1837 1086 1907 aliquid
1128 1837 1347 1893 addere
1388 1837 1461 1893 de
1492 1838 1759 1908 jejuniis,
1788 1854 1939 1909 quae
1972 1839 2324 1909 jejunantur
2351 1852 2429 1893 ex

189 1934 500 1998 praecepto
542 1927 901 1989 confessarii,
939 1927 1032 1980 vel
1079 1927 1135 1980 in
1177 1927 1456 1989 Iubilaeo,
1487 1927 1582 1983 vel
1626 1943 1700 1983 ex
1733 1933 1883 1992 vot0,
1916 1928 2011 1983 vel
2053 1944 2117 1980 eoe
2156 1924 2339 1997 reyula
2369 1926 2429 1982 in

192 2019 477 2074 institutis
519 2018 908 2087 regularibus.
951 2016 1113 2079 Quod
1154 2016 1226 2069 ad
1272 2016 1519 2085 primum
1561 2017 1798 2088 quidam
1849 2018 2057 2087 putant
2100 2016 2191 2071 his
2238 2014 2431 2087 epuiis

191 2109 469 2163 utendum
513 2123 658 2170 esse,
688 2108 899 2177 quibus
942 2121 1009 2161 eo
1050 2108 1311 2175 tempore
1353 2121 1467 2176 quo
1497 2107 1808 2176 jejunatur
1838 2107 1922 2162 uti
1964 2107 2107 2161 licet
2131 2104 2283 2178 (37);
2325 2104 2430 2160 sed

249 2273 303 2315 27
339 2271 478 2317 Idest
509 2272 595 2330 qui
631 2283 730 2314 non
764 2271 1005 2313 tenentur
1030 2267 1256 2327 jejunare

192 2343 383 2389 ratione
397 2345 603 2393 aetatis,
630 2340 702 2385 vel
719 2342 932 2396 affectae
949 2340 1259 2384 valetudinis

189 2414 268 2459 vel
304 2415 498 2459 laboris
535 2413 600 2467 (S.
628 2412 830 2465 Poenit.‚
864 2410 920 2454 24
949 2409 1088 2455 Febr.
1124 2409 1259 2462 {8193

194 2487 248 2530 16
269 2486 379 2530 Jan.
409 2485 542 2537 1834;
575 2483 627 2527 16
648 2483 788 2527 Mart.
819 2482 953 2533 1882;
976 2484 1103 2526 Acta
1127 2479 1260 2533 XIV,

187 2557 325 2615 568):
351 2557 561 2614 ideoque
585 2553 645 2599 ob
669 2552 886 2613 quodvis
911 2550 1049 2597 aliud
1073 2551 1259 2596 incom-

191 2626 394 2675 modum
429 2639 595 2685 grave.

251 2699 308 2742 28
326 2699 399 2743 Ex
421 2698 467 2743 S.
489 2697 690 2751 Poenit.,
711 2696 764 2740 13
783 2693 1077 2746 Febr,1834;
1096 2691 1260 2750 mgb„

189 2774 220 2824 ζξ
254 2769 335 2825 2Ο;
368 2772 495 2814 Acta
528 2767 563 2812 l.
597 2767 702 2820 428,
736 2767 778 2812 9.

256 2841 312 2885 29
344 2838 526 2885 Bened.
550 2835 665 2883 xlv
689 2839 771 2884 cit.
798 2837 957 2897 Epist.
985 2834 1042 2879 Sc*
1069 2835 1262 2893 frater·

194 2913 351 2957 nitas.

255 2984 311 3027 30
346 2982 393 3028 S.
429 2981 593 3040 Alph„
627 2980 714 3031 ΠΙ,
755 2978 879 3033 1032,
913 2993 957 3023 v.
994 2977 1027 3032 1,
1066 2977 1262 3022 Causa.

255 3055 306 3097 31
349 3052 401 3096 V.
437 3052 618 3097 Bened.
646 3049 771 3105 XIV,
797 3050 849 3096 C.
875 3050 1094 3100 Prodiit,
1126 3051 1155 3100 ἓ
1190 3046 1258 3099 10;

196 3124 396 3173 Bullar„
424 3123 506 3168 To.
525 3123 568 3173 3,
589 3136 633 3167 n.
655 3121 712 3166 38
734 3124 784 3166 et
809 3120 955 3172 Ferr.,
987 3119 1033 3164 h.
1059 3123 1091 3164 t.
1117 3131 1148 3162 n
1190 3115 1265 3164 26.

194 3195 338 3253 Quod
365 3202 531 3240 autem
557 3195 712 3241 tradit
738 3194 1021 3246 Scavinius,
1048 3195 1096 3238 h.
1121 3198 1151 3237 t.
1175 3193 1265 3238 Be-

197 3267 456 3312 nedictum
482 3265 611 3320 XIV,
646 3267 698 3312 C.
727 3266 842 3311 Non
877 3266 1194 3320 ambiyimus
1216 3266 1266 3307 et

193 3340 249 3387 C.
284 3339 642 3384 Libentissime
675 3337 803 3382 hanc
839 3339 1146 3395 potestatem
1182 3348 1261 3379 re-

198 3422 428 3455 servasse
462 3407 781 3467 Apostolicae
823 3407 953 3460 Sedi,
1000 3419 1171 3452 vereor
1205 3418 1265 3450 ne

198 3493 372 3526 verum
406 3481 498 3533 sit;
532 3481 694 3538 primo
740 3479 859 3537 quia
911 3481 1127 3536 utraque
1180 3476 1268 3521 illa

198 3551 510 3598 Constitutio
554 3563 707 3609 super
742 3550 933 3608 jejunio
972 3554 1020 3593 et
1065 3546 1265 3592 indulto

200 3621 629 3682 quadragesimali
685 3624 917 3677 versatur
971 3624 1097 3674 tota,
1149 3618 1266 3664 dein

205 3696 328 3754 quia
365 3691 829 3741 Constitutionibus
876 3691 1169 3750 hujusmodi
1204 3689 1268 3734 lis

208 3766 339 3810 inter
371 3763 649 3823 Theologos
683 3764 827 3808 finita
861 3767 1014 3814 esset,
1045 3774 1133 3806 nec
1158 3761 1266 3820 ejus

203 3835 427 3895 amplius
466 3835 756 3880 meminisse
791 3837 970 3893 postea
1004 3831 1267 3878 debuisset

206 3906 341 3952 idem
374 3905 492 3952 Ben.
526 3905 655 3961 XIV,
688 3905 742 3952 C.
775 3905 994 3959 Prodiit,
1028 3904 1054 3961 ἓ
1090 3904 1131 3947 8.

1428 2269 1485 2312 32
1508 2270 1582 2314 Ex
1605 2269 1719 2315 Ben.
1740 2268 1868 2322 XIV,
1889 2268 1941 2315 G.
1962 2270 2026 2315 In
2046 2269 2317 2325 Suprema,
2341 2268 2369 2326 g
2390 2266 2434 2320 2,

2353 54 2398 75 ’.Α
2531 61 2538 79 ᾗ·

2392 79 2470 116 4?—
2518 82 2543 95 a!

2417 105 2486 134 ,μζ
2516 104 2526 123 ἰ
2556 120 2558 123 -
2589 123 2595 126 .

2411 156 2415 159 .
2443 134 2482 155 *i*-
2529 137 2550 151 ν’

2467 1376 2475 1407 'e

1367 2339 1451 2386 To.
1474 2341 1512 2397 l,
1532 2353 1577 2384 n.
1602 2339 1673 2383 27.
1698 2341 1753 2385 Ε.
1774 2352 1829 2394 c.‚
1855 2339 1917 2385 ad
1943 2337 2153 2385 vitanda
2176 2337 2436 2394 scandala,
2471 2385 2476 2389 ,

1367 2411 1410 2457 si
1436 2411 1605 2470 aliqua
1629 2411 1804 2470 vigilia
1827 2410 2073 2456 incideret
2099 2410 2149 2455 in
2174 2411 2434 2468 postrema

1369 2487 1596 2542 tempora
1630 2481 2014 2528 bacchanalium
2049 2479 2129 2538 (V.
2151 2480 2319 2536 Croix,
2346 2477 2435 2534 111,

1368 2552 1428 2607 11,
1461 2553 1616 2607 1273):
1654 2552 1732 2598 vel
1768 2553 1816 2598 in
1853 2551 2055 2611 aliquod
2088 2550 2274 2596 festum
2297 2548 2434 2609 quod
2492 2589 2495 2593 .

1370 2618 2434 2677 solemnitercelebrarisolet(Laym,111,9).

1430 2697 1488 2740 33
1521 2695 1596 2740 Ex
1632 2695 1680 2741 S.
1714 2695 1879 2754 Alpli„
1913 2692 1999 2745 ΙΙΙ,
2041 2690 2168 2738 1032.

1430 2767 1487 2810 34
1521 2765 1638 2811 Ben.
1674 2764 1853 2810 X1Vl.
1887 2777 1928 2810 c.
1960 2768 1989 2818 ἓ
2020 2763 2063 2808 3.

1433 2838 1491 2880 35
1523 2837 1598 2882 Ex
1633 2835 1724 2881 CC.
1752 2834 2031 2880 Pontificiis
2066 2833 2230 2878 serius
2264 2829 2438 2886 editis,

1373 2909 1491 2953 etin
1512 2907 1690 2966 primis
1708 2906 1826 2952 Ben.
1846 2903 1985 2959 X1V3
2004 2902 2190 2964 quibus
2209 2901 2291 2949 his
2311 2913 2436 2962 quo·

1373 2991 1485 3038 que,
1518 2978 1605 3038 qui
1638 2990 1735 3023 non
1771 2979 2009 3022 tenentur
2035 2974 2280 3034 jeJunare,
2303 2983 2431 3030 per-

1373 3051 1600 3094 mittitur
1626 3049 1697 3093 uti
1724 3047 1922 3093 indulto
1942 3046 2003 3092 ad
2025 3043 2302 3092 vescendas
2324 3055 2434 3091 car-

1373 3133 1462 3167 nes
1497 3122 1546 3165 et
1578 3118 1848 3165 lacticinia.

1433 3191 1491 3235 36
1509 3189 1567 3235 V.
1586 3189 1756 3244 Salm„
1775 3191 1846 3242 23,
1863 3189 1903 3239 2,
1922 3189 1992 3234 25.
2012 3186 2139 3233 Nam
2160 3184 2245 3231 alii
2265 3184 2440 3230 contra

1375 3265 1576 3322 putant,
1610 3265 1660 3306 et
1693 3263 1742 3306 in
1778 3260 1955 3319 primis
1989 3259 2145 3318 Cajet.
2173 3259 2223 3301 et
2255 3250 2438 3300 Sanch.

1375 3335 1599 3391 Quorum
1619 3332 1872 3377 sententia
1892 3330 2017 3376 adeo
2033 3327 2205 3386 gravis
2229 3324 2341 3370 visa
2363 3324 2442 3369 est

1376 3405 1557 3451 Bened.
1574 3402 1701 3462 XIV,
1721 3406 1778 3447 ut
1795 3414 1902 3447 eam
1924 3401 1973 3444 in
1995 3396 2158 3444 medio
2176 3392 2439 3455 reliquerit

1374 3475 1506 3524 (Not.
1533 3474 1599 3530 15,
1617 3474 1711 3529 22).
1735 3472 1939 3519 Scilicet
1962 3469 2163 3527 recepta
2183 3470 2305 3510 tunc
2330 3475 2444 3509 sen-

1379 3547 1540 3591 tentia
1572 3548 1695 3599 erat,
1728 3541 2089 3589 abstinentiam
2136 3551 2165 3583 a
2202 3532 2440 3582 carnibus

1379 3629 1489 3662 esse
1532 3615 1882 3672 principalem
1925 3608 2104 3669 jejunii
2139 3609 2349 3666 partem.

1438 3688 1495 3730 37
1518 3690 1673 3737 Azor„
1693 3683 1883 3742 Regin„
1900 3680 1984 3737 IV,
2005 3679 2108 3731 14&
2133 3677 2328 3731 Bonac„
2348 3672 2395 3719 h.
2414 3677 2446 3718 t.

1378 3759 1432 3815 Q.
1468 3759 1502 3813 l,
1525 3757 1575 3801 P.
1600 3755 1644 3814 2,
1666 3769 1711 3800 n.
1739 3756 1783 3800 6.
1806 3755 1972 3811 Atque
1996 3749 2106 3795 ideo
2140 3743 2442 3793 abstinendo

1381 3846 1409 3875 a
1443 3841 1589 3875 carne
1618 3837 1830 3884 semper,
1854 3826 1904 3868 et
1925 3822 1974 3866 in
1999 3817 2390 3878 quadragesima
2413 3828 2446 3861 a

1380 3902 1524 3952 lacte,
1545 3909 1760 3957 quoque,
1783 3906 1944 3948 case0,
1969 3894 2018 3937 et
2041 3890 2165 3936 ovis.
