2632 4094
209 125 312 180 210
652 139 794 177 ussa
827 140 892 177 ιιι.
929 150 951 163 -
985 138 1158 179 macr.
1193 140 1224 178 ι.
1261 138 1327 178 οε
1361 110 1788 179 succumbit«
1819 124 2020 179 etun:

213 228 626 301 praeterquam
669 221 728 276 iu
762 223 1131 278 sacramento
1158 221 1589 293 poenitentiam
1630 221 1850 294 quippe
1882 220 1943 278 in
1983 237 2055 280 eo
2081 222 2227 280 haec
2253 203 2451 282 omu‘i‘a
2488 242 2517 258 ⁴·

211 315 283 369 ad
317 311 669 368 sacramenti
700 311 1007 368 materiam
1037 311 1354 382 pertinent.
1393 309 1518 367 Nec
1551 311 1785 367 demum
1812 311 1982 368 obest
2006 309 2066 368 si
2083 312 2224 384 quid
2265 312 2450 371 fuerit

208 404 484 457 omissum
513 418 587 456 ex
609 401 837 465 ritibus,
861 416 1014 472 quae
1039 403 1303 458 Ecclesia
1333 402 1388 456 in
1413 400 1924 458 administratione
1945 404 2445 459 sacramentorum
2541 439 2544 444 -
2605 382 2632 459 ‘a

209 492 433 548 servari
467 491 675 561 jnssit;
706 494 767 546 et
808 491 1048 561 planum
1076 494 1167 547 est
1198 489 1330 562 (24).
1372 491 1551 545 Porro
1579 504 1732 560 quae
1764 491 2067 561 hucusque
2100 489 2443 563 prosequuti

211 597 410 637 sumus
449 580 637 650 aptari
668 580 888 636 debent
914 585 1285 636 sacramento
1314 580 1690 644 matrimonii,
1730 594 1864 635 cum
1903 593 2093 648 grano
2124 580 2295 646 salis;
2340 580 2448 637 hoc

209 672 365 727 enim
406 670 595 739 magis
637 671 991 734 contractuS‚
1032 686 1206 741 quam
1247 668 1599 725 sacramenti
1633 668 1772 739 ,iure
1811 668 2178 724 aestimatur.

1160 893 1398 949 CAPUT
1438 893 1505 947 11.

561 1030 639 1069 nn
685 1027 1229 1068 SACRAMENTORUM
1270 1027 1550 1074 warum.
1593 1027 1668 1066 m·
1709 1026 2097 1068 EFFEGTIBUS.

290 1212 416 1266 242.
449 1209 827 1265 Sacramenta
855 1208 919 1262 N.
949 1208 1007 1261 L.
1051 1205 1108 1261 id
1154 1209 1453 1277 praestant
1483 1207 1635 1277 quod
1669 1207 2033 1276 significant:
2069 1221 2277 1277 nempe
2316 1220 2449 1277 gra·

218 1302 377 1357 tiam.
418 1301 575 1355 Haec
617 1299 835 1367 duplex
889 1300 998 1361 est,
1039 1297 1433 1360 sanctificans
1483 1299 1544 1352 et
1596 1297 2060 1353 sacramentalis.
2106 1297 2475 1367 Sanoafloamn

215 1391 433 1446 dicitur
473 1405 559 1451 ea,
604 1403 756 1458 quae
788 1386 1099 1455 justitiam,
1142 1389 1202 1441 et
1243 1386 1620 1442 sanctitatem
1662 1388 1961 1457 praestat;
2004 1402 2173 1457 quae,
2216 1401 2349 1443 cum
2393 1386 2468 1443 inl

215 1480 381 1535 nobis
422 1494 553 1534 eam
597 1477 765 1546 parIt,
787 1480 1009 1548 primae,
1051 1490 1183 1530 cum
1228 1477 1455 1544 partam
1496 1479 1698 1544 auget,
1727 1477 1982 1530 secundae
2023 1491 2231 1532 nomen
2274 1475 2449 1532 subit.

215 1570 547 1639 Baptismus
575 1570 634 1622 et
664 1566 1030 1635 poenitentia
1061 1565 1337 1618 instituta
1365 1568 1503 1619 sunt
1532 1567 1598 1619 ut
1626 1565 1870 1634 primam
1894 1565 2227 1630 conferant3
2251 1568 2455 1624 cetera

214 1667 280 1715 ut
321 1659 663 1714 secundam:
710 1657 847 1711 inde
891 1656 990 1709 illa
1030 1660 1378 1719 mortuorum,
1420 1655 1566 1709 haec
1618 1658 1856 1707 vivorum
1896 1657 2268 1711 sacramenta
2315 1648 2455 1710 sunt

215 1749 529 1819 appellata.
563 1746 969 1807 NihilominuS‚
994 1744 1131 1815 quia
1159 1743 1353 1798 omnia
1381 1748 1752 1800 sacramenta
1781 1744 1845 1799 N.
1870 1743 1928 1797 L.
1953 1760 2068 1799 non
2098 1745 2454 1815 ponentibus

217 1843 395 1893 obicem
450 1837 757 1892 conserunt
811 1834 1067 1903 gratiam
1106 1832 1198 1905 (1),
1241 1835 1614 1887 sacramenta
1668 1835 2042 1898 mortuorum,
2097 1834 2146 1889 si
2202 1833 2334 1905 quis
2386 1848 2456 1889 ea

219 1929 468 1998 recipiat
513 1929 634 1997 jam
677 1924 1058 1995 justificatus,
1102 1922 1419 1978 secundam
1462 1922 1749 1987 tribuunt,
1793 1927 1853 1978 et
1909 1924 2016 1979 hoc
2056 1925 2284 1979 certum
2323 1924 2452 1980 est:

218 2023 424 2073 contra
466 2017 837 2072 sacramenta
888 2015 1174 2076 vivorum,
1218 2012 1266 2067 si
1314 2013 1446 2082 quis
1488 2013 1735 2082 recipiat
1778 2015 1924 2069 haec
1981 2014 2040 2068 in
2083 2013 2310 2082 lethali,
2350 2015 2456 2072 sed

220 2111 371 2163 bona
402 2122 632 2178 prorsus
655 2106 784 2168 fide,
810 2104 1118 2158 conferunt
1147 2102 1391 2172 primam
1418 2100 1505 2173 (2),
1530 2103 1836 2157 dummodo
1860 2119 2070 2159 revera
2093 2104 2170 2159 sit
2197 2104 2456 2160 attritus,

218 2197 294 2253 Et
335 2200 439 2252 hoc
481 2210 711 2267 quoque
753 2194 825 2249 de
868 2198 1132 2249 extrema
1175 2191 1454 2247 unctione
1496 2194 1722 2247 certum
1752 2194 1844 2248 est
1869 2191 1978 2265 (3);
2010 2194 2082 2249 de
2111 2194 2328 2250 ceteris
2363 2193 2459 2266 pie
2497 2267 2503 2269 ‚

222 2288 485 2343 creditur
515 2284 610 2358 (4).

1396 2514 1445 2560 id
1482 2518 1722 2574 praestat,
1754 2529 1816 2561 ne
1860 2521 2232 2564 sacramentum
2279 2499 2482 2567 efficiat-

1396 2586 1446 2631 id
1468 2586 1598 2645 quod
1624 2587 1881 2646 significat
1915 2587 1990 2644 (V.
2014 2587 2072 2634 D.
2102 2587 2239 2644 Tho„
2261 2588 2361 2645 111,
2386 2590 2478 2645 69,··

220 2522 392 2567 steriis
426 2534 524 2566 non
559 2519 730 2565 credat
772 2518 980 2576 <Laym.,
1015 2519 1092 2564 De
1125 2518 1291 2573 Bapt,

219 2592 339 2651 Cap.
374 2590 458 2648 VI,
493 2593 557 2649 3),
602 2604 701 2636 non
750 2590 885 2642 item,
922 2588 1104 2642 verius,
1140 2588 1183 2632 si
1235 2601 1292 2632 ea

220 2675 428 2721 prorsus
464 2663 660 2720 ignoret
693 2662 790 2717 (Ex
820 2660 893 2715 65,
925 2658 1094 2704 Innoc.
1122 2658 1209 2712 XI3
1235 2656 1291 2702 V.

222 2733 269 2779 S.
294 2733 462 2791 Alph.,
493 2732 558 2789 11,
590 2733 653 2790 2).

283 2804 339 2847 24
374 2802 503 2848 Sane
537 2807 746 2848 cautum
787 2803 882 2854 est,
916 2804 965 2845 et
1009 2799 1288 2859 religiosis·

222 2874 349 2919 sime
389 2873 700 2925 observatur,
736 2874 794 2916 ut
841 2870 1119 2931 presbyteri
1154 2869 1289 2915 ordi-

225 2950 408 2989 nentur
451 2944 512 2989 ab
550 2943 799 3002 Episcopo
842 2945 973 2986 inter
1021 2942 1291 2986 missarum

223 3015 468 3060 solemnia
492 3013 553 3059 ab
587 3015 815 3071 ipsomet,
846 3026 943 3058 non
980 3012 1041 3057 ab
1075 3012 1188 3064 alio,
1217 3024 1292 3056 ce·

225 3086 436 3131 lebrata:
478 3090 527 3129 et
570 3085 919 3138 nihilominus,
966 3084 1060 3129 hac
1096 3083 1156 3128 ab
1194 3082 1292 3127 alio

224 3155 476 3200 celebrata
514 3155 592 3199 vel
627 3155 832 3211 omissa,
862 3152 1095 3199 dubitare
1122 3155 1289 3197 utrum

222 3225 477 3270 ordinatio
494 3228 603 3270 rata
619 3225 784 3277 fuerit,
799 3226 1051 3283 frivolum
1067 3225 1143 3270 est
1156 3222 1294 3279 (Hal-

223 3296 330 3350 lier,
358 3296 431 3341 De
461 3298 623 3341 Sacra
644 3297 800 3341 Elect.
822 3300 867 3342 et
891 3296 1090 3347 ordin„
1117 3294 1225 3339 Par.
1252 3295 1293 3351 3,

223 3366 354 3410 Sect.
389 3367 432 3417 8,
475 3365 595 3423 Cap.
629 3366 671 3418 5,
706 3369 813 3411 Art.
847 3366 899 3419 2;
945 3365 1128 3411 Bened.
1164 3363 1293 3416 XIV,

223 3438 298 3482 De
331 3437 471 3492 Syn„
507 3435 637 3488 VIII,
678 3437 758 3485 XI,
794 3439 854 3494 6).

288 3507 304 3549 1
345 3506 493 3559 Trid.,
517 3505 621 3558 VII,
647 3506 764 3550 Can.
790 3509 818 3550 6
842 3511 890 3551 et
923 3507 964 3549 7.
990 3506 1155 3557 OBEx,
1179 3508 1292 3551 lata

223 3577 593 3636 significatione
629 3576 816 3620 dicitur
849 3578 890 3621 si
928 3578 1192 3636 recipienti
1218 3577 1293 3621 in-

222 3649 396 3701 tentio,
423 3649 645 3703 propria
679 3648 722 3691 si
758 3650 1072 3693 necessariae
1114 3647 1287 3706 dispo-

183 3707 199 3721 ’
226 3719 437 3762 sitiones
470 3718 663 3763 desint:
689 3718 772 3762 ille
796 3722 1118 3764 sacramenti
1150 3718 1291 3774 obex,

227 3788 310 3833 hic
337 3790 563 3844 qratiae.
586 3787 786 3833 Dicitur
806 3789 956 3833 etiam
987 3790 1150 3846 fictio,
1174 3791 1295 3847 quia

1394 2657 1422 2700 9
1442 2657 1504 2702 ad
1520 2656 1584 2710 3).
1601 2658 1868 2703 Peccatum
1889 2658 2085 2716 proprie
2103 2671 2203 2704 non
2225 2660 2303 2705 est
2319 2657 2460 2716 obex,

1396 2726 1483 2772 sed
1510 2727 1559 2773 id
1576 2727 1710 2786 quod
1733 2741 1819 2786 per
1836 2730 2052 2787 gratiam
2074 2728 2485 2778 delendumeets„

1456 2800 1484 2842 2
1519 2799 1572 2843 D.
1597 2799 1734 2852 Tho.,
1765 2799 1865 2854 III,
1891 2800 1965 2853 62,
1998 2800 2053 2851 2;
2078 2800 2150 2855 72,
2174 2801 2201 2843 7
2228 2800 2290 2847 ad
2314 2799 2355 2847 2.
2396 2800 2474 2849 Ut·

1397 2883 1509 2915 ecce
1544 2870 1588 2915 si
1620 2868 1749 2915 falso
1776 2874 1923 2929 putet
1946 2883 2000 2915 se
2034 2883 2146 2916 esse
2171 2872 2463 2926 contritum,

1397 2940 1476 2986 vel
1496 2941 1588 2986 rite
1609 2940 1913 2994 absolutum,
1931 2941 2008 2987 vel
2027 2943 2340 2988 attritionem
2358 2941 2464 2988 suf-

1397 3011 1557 3057 ficere.
1580 3011 1644 3056 Et
1668 3011 1762 3057 hoc
1797 3015 1874 3057 est
1898 3011 2032 3071 quod
2067 3011 2368 3059 scholastici
2393 3012 2466 3059 di-

1397 3086 1582 3127 xerunt
1600 3086 1660 3129 cle
1679 3087 1860 3128 attrito
1877 3095 2028 3140 quem
2045 3084 2164 3142 fieri
2182 3083 2466 3129 contritum

1398 3152 1465 3207 (S.
1501 3153 1667 3212 Alph.,
1702 3152 1784 3207 VI,
1818 3153 1953 3209 268>ε
1986 3166 2168 3212 nempe
2199 3152 2366 3213 quoad
2399 3153 2467 3200 ef-

1397 3223 1557 3269 fectus
1581 3226 1886 3270 sacramenti
1916 3224 2127 3283 (Laym.‚
2150 3226 2227 3271 De
2247 3225 2468 3280 Poentt„

1397 3294 1456 3348 II,
1481 3296 1555 3354 2);
1591 3299 1640 3341 et
1672 3308 1771 3341 non
1807 3294 1947 3355 quod
1982 3297 2190 3341 attritio
2221 3295 2323 3354 fiat
2349 3306 2467 3341 oon-

1399 3369 1554 3420 tritio,
1599 3379 1691 3413 ceu
1735 3365 1942 3426 quidam
1988 3365 2351 3411 existimarunt
2388 3363 2468 3422 (V.

1397 3437 1555 3495 Spor.,
1587 3437 1672 3487 23:
1710 3440 1760 3481 et
1794 3438 1869 3484 De
1899 3438 2109 3491 Poenit„
2141 3435 2263 3493 217).
2408 3444 2410 3446 ·
2499 3496 2502 3497 7

1456 3509 1483 3550 3
1518 3508 1594 3551 Ex
1630 3507 1783 3559 Trid.,
1825 3506 1958 3561 XIV,
2007 3508 2082 3552 De
2127 3507 2276 3551 Eaetr.
2307 3510 2468 3560 unct„

1397 3578 1518 3636 Cap.
1550 3579 1591 3631 2,
1632 3579 2028 3623 Comuntssima.
2065 3575 2240 3630 Haine,
2265 3576 2473 3624 Princi-

1389 3650 1483 3704 pia
1520 3649 1666 3694 theol.
1697 3659 1941 3700 sacram„
1974 3649 2092 3706 Cap.
2125 3647 2167 3701 3,
2197 3644 2244 3690 d.
2277 3646 2319 3691 6.
2353 3660 2392 3692 r.
2422 3647 2467 3692 3.

1457 3720 1484 3761 4
1520 3717 1692 3774 Salm.‚
1725 3717 1834 3778 VII,
1868 3720 1910 3764 4.
1942 3717 1989 3764 3.
