2632 4094
130 150 230 206 202
565 166 708 205 ussa
742 165 813 204 ιιι.
845 177 870 190 -
901 164 1075 204 ratior.
1109 165 1142 204 ι.
1178 165 1244 207 ns
1277 151 1617 204 samnitum
1651 164 1704 204 m
1738 163 1940 205 suasa!

130 251 350 315 ordine,
379 251 440 306 et
480 249 852 304 matrimonio
881 263 1052 304 nemo
1081 262 1340 319 unquam
1368 246 1688 311 dubitavit;
1729 245 1804 303 de
1833 245 2273 304 confirmatione
2302 249 2365 305 et
2424 236 2425 247 ¹
2570 254 2605 313 .·,“

132 343 399 397 extrema
440 339 716 393 unctione
746 340 872 407 post
910 338 1316 393 Tridentinum
1346 352 1517 392 nemo
1553 336 1806 406 amplius
1831 336 2080 394 dubitat*-
2116 337 2191 393 Et
2219 337 2363 394 licet

131 428 387 484 nondum
429 427 655 483 definiti
689 427 843 497 juris
881 427 978 492 sit,
1014 431 1208 483 utrum
1236 426 1518 482 materias
1545 425 2016 491 confirmationis,
2058 429 2364 484 extremae

133 518 425 572 unctionis
458 521 519 571 et
547 517 770 572 ordinis
798 516 1044 587 ipsemet
1070 515 1335 572 Christus
1363 513 1850 571 determinaverit
1879 516 1937 572 in
1971 517 2167 588 specie
2193 523 2366 572 atoma

131 607 391 676 (infima),
432 622 507 661 an
552 621 624 661 ea
665 606 961 662 Ecclesiae
989 605 1439 662 determinanda
1469 605 1796 676 reliquerit,
1824 605 2049 662 definiti
2071 606 2227 677 juris
2254 606 2366 669 est.

131 700 204 752 ab
227 698 493 751 Ecclesia
515 696 730 751 mutari
762 711 879 751 non.
907 711 1073 765 posse
1098 694 1148 768 (l
1165 694 1228 766 1).
1260 695 1465 750 Acturi
1489 695 1561 749 de
1581 694 1968 751 sacramentis
1989 695 2366 766 dispiciamus

132 786 317 858 primo
358 801 512 857 quae
551 787 624 841 ad
665 788 955 850 naturam,
997 785 1211 841 deinde
1252 801 1404 856 quae
1445 785 1519 840 ad
1559 785 2125 843 administrationem
2163 800 2366 842 eorum

134 876 453 947 pertinent.

1095 1039 1329 1096 CAPUT
1370 1041 1410 1095 Ι.

582 1175 791 1220 QUIBUS
833 1174 1244 1216 SACRAMEJNTA
1286 1175 1341 1214 N.
1373 1175 1424 1214 Τ.
1454 1173 1927 1215 PERFICIANTUR.

209 1326 335 1379 231.
365 1322 813 1379 Sacramentum
846 1327 937 1379 est
978 1325 1212 1393 signum
1242 1324 1557 1379 conflatum
1586 1339 1661 1378 ex
1701 1324 1950 1379 materia
1976 1321 2281 1396 (proxima)
2309 1326 2371 1381 et
2461 1342 2475 1378 ,¹⁴

135 1414 331 1468 forma.
375 1415 609 1469 Verum·
643 1414 893 1468 materia
943 1413 1203 1483 proxima
1252 1418 1313 1469 et
1362 1414 1544 1468 forma
1597 1429 1711 1468 non
1761 1417 1971 1470 extant
2018 1429 2093 1469 ex
2144 1429 2228 1479 se,
2269 1414 2372 1471 sed

133 1504 463 1558 actionibus
504 1503 898 1566 continentur,
940 1503 1156 1573 quibus
1197 1518 1272 1558 ex
1314 1506 1565 1574 utraque
1608 1503 1917 1559 conficitur
1964 1504 2219 1573 signum,
2263 1518 2369 1562 seu

133 1595 594 1655 sacramentum;
640 1593 768 1647 ideo
808 1593 1075 1647 ministro
1115 1595 1431 1663 praeterea
1470 1608 1614 1664 opus
1655 1595 1766 1656 est,
1805 1593 1904 1664 qui
1948 1608 2019 1648 ea
2058 1593 2372 1650 conficiat:
2435 1648 2446 1660 ,

136 1698 244 1737 nec
289 1686 622 1752 utcumque,
666 1683 767 1737 sed
814 1700 934 1736 cum
981 1683 1260 1736 intentione
1315 1683 1565 1738 faciendi
1609 1683 1817 1738 saltem
1865 1683 2019 1754 quod
2069 1683 2209 1739 facit
2257 1684 2374 1740 Ec-

135 1773 317 1827 clesia
355 1771 462 1842 (l):
507 1774 882 1842 quamobrem
933 1773 1184 1826 intentio
1240 1787 1470 1842 quoque
1525 1771 1775 1828 ministri
1830 1772 2250 1843 quodammodo
2297 1773 2372 1829 ad

135 1863 485 1917 sacramenti
529 1862 918 1917 substantiam
963 1862 1218 1932 pertinet
1252 1860 1343 1932 (2).
1372 1861 1579 1916 Omnia
1621 1862 1806 1930 igitur
1845 1869 2174 1917 sacramenta
2214 1878 2372 1916 novae

133 1954 257 2020 leqis
285 1953 508 2006 duobus
537 1955 807 2006 constant
834 1950 925 2023 (3),
958 1955 1016 2005 et
1045 1955 1214 2005 tribus
1242 1954 1632 2021 peoficz‘untur,·
1662 1954 1815 2005 rebus
1841 1958 2105 2021 tamquam
2132 1953 2373 2015 maceria,

137 2045 298 2095 verbis
336 2050 600 2111 tamquam
626 2045 828 2109 forma,
869 2049 918 2095 ec
946 2058 1170 2111 persona
1210 2042 1443 2094 ministri
1478 2040 1792 2112 cofferentis
1831 2047 2218 2095 sacramentum
2250 2056 2372 2096 cum

135 2134 429 2186 intentione.
436 2133 694 2198 faciendi,
723 2133 854 2200 quod
866 2134 1013 2197 facit
1049 2133 1298 2184 Ecclesia.
1347 2131 1586 2192 Quorum
1630 2130 1868 2199 proinde
1909 2133 1958 2182 si
1993 2130 2198 2199 aliquid
2225 2130 2373 2195 desit,

137 2238 237 2274 non
271 2224 549 2290 perficitur
587 2228 973 2274 sacramentum
1018 2219 1110 2292 (4).
1149 2222 1362 2275 Deesse
1402 2224 1602 2275 autem
1644 2219 2023 2289 intelligitur,
2067 2219 2279 2275 nedum
2322 2220 2373 2274 si

136 2313 289 2365 absit
329 2312 578 2374 omnin0‚
608 2311 709 2365 sed
752 2311 863 2365 etsi
905 2311 1065 2364 aliud
1110 2325 1209 2379 pro
1241 2310 1357 2364 alio
1390 2311 1718 2364 adhibitum
1749 2310 1944 2372 fuerit,
1979 2310 2074 2365 vel
2104 2309 2374 2364 substan-

138 2402 362 2456 tialiter
405 2402 578 2455 fuerit
621 2401 1007 2454 immutatum.
1038 2401 1196 2454 Haec
1235 2403 1436 2454 autem
1480 2415 1591 2453 non
1623 2401 1761 2454 sunt
1797 2400 2019 2468 physice,
2058 2399 2162 2453 sed
2191 2411 2376 2452 mora·
2443 2414 2447 2419 ’

139 2491 272 2545 liter
300 2491 697 2545 aestimanda:
730 2490 867 2559 quia
898 2489 1173 2543 effectum
1206 2490 1522 2558 praestant,
1553 2503 1669 2543 non
1703 2503 1778 2543 ex
1808 2489 1997 2543 indita
2025 2486 2282 2542 naturali
2315 2484 2374 2540 vi
2438 2516 2467 2538 .-

208 2698 252 2742 ll
276 2697 424 2750 Trid„
446 2695 576 2748 XXI,
594 2697 712 2755 Cap.
734 2696 782 2752 2;
803 2696 959 2747 Pont„
983 2696 1041 2741 M.
1063 2694 1144 2746 IV,
1165 2694 1208 2740 3.

137 2767 265 2814 Nam
299 2770 344 2814 si
378 2782 436 2813 ea
461 2767 819 2813 determinavit
851 2767 1104 2817 Christus,
1131 2780 1207 2810 ra-

140 2841 211 2884 tio
251 2839 459 2884 evidens
504 2843 603 2891 est;
641 2840 720 2883 sin
767 2838 1015 2897 Apostoli,
1047 2838 1208 2885 suncti

141 2915 262 2955 sunt
296 2910 531 2954 mandato
565 2909 711 2966 (Prol.
749 2910 776 2967 ἓ
811 2909 885 2963 77,
919 2909 1011 2965 55).

207 2982 220 3025 l
248 2980 395 3031 Trid.,
421 2979 521 3034 VII,
536 2981 655 3026 Can.
674 2979 755 3024 XI.
773 2981 1075 3025 Minis-trum
1095 2991 1208 3025 vero

143 3052 366 3110 accipere
391 3050 632 3095 debemus
651 3063 783 3102 eum,
802 3051 883 3096 cui
903 3053 1130 3109 potestas
1152 3064 1209 3095 ea

142 3120 546 3171 administrandi,
595 3120 814 3179 quodam
852 3122 1001 3181 quasi
1051 3134 1203 3167 man-

140 3194 280 3246 dat0,
304 3191 495 3236 credita
529 3195 620 3235 est.

201 3261 229 3303 2
264 3262 421 3319 Lugo,
444 3263 484 3317 2,
527 3263 632 3313 133ς
656 3262 820 3317 Salm.,
850 3262 888 3317 I,
919 3263 962 3317 7,
984 3263 1027 3307 9.
1051 3261 1209 3307 Immo

140 3331 264 3376 haec
300 3333 462 3388 magis
495 3345 645 3390 quam
682 3333 906 3388 materia,
943 3337 992 3377 et
1025 3333 1207 3388 forma;

141 3403 330 3447 etenim
363 3401 602 3448 Christus
630 3417 728 3447 non
761 3405 899 3453 haec,
933 3404 1022 3449 sed
1059 3404 1206 3448 mini·

142 3475 303 3517 strum
321 3485 407 3530 per
422 3471 557 3525 haec,
577 3473 791 3530 gratiam
814 3477 1069 3532 praestare
1094 3487 1205 3519 con·

142 3544 316 3588 stituit
337 3541 518 3598 (Suar.‚
552 3544 614 3599 16,
638 3544 696 3589 2).
724 3544 838 3588 Dixi
861 3549 1028 3590 autem
1053 3547 1205 3602 quod·

145 3616 395 3667 ammodo,
433 3612 553 3671 quia
591 3614 816 3666 intentio,
861 3628 974 3660 eum
1011 3617 1205 3674 cogita-

141 3684 277 3728 tione
291 3682 462 3736 lateat‚
477 3685 614 3738 siqui
631 3687 884 3728 sensibilis
901 3699 1017 3744 pars
1038 3698 1211 3731 revera

138 3767 240 3799 non
275 3757 367 3796 est.

199 3824 231 3869 3
265 3823 415 3878 'ri-id„
449 3822 580 3881 XIV,
615 3823 731 3884 Cap.
766 3826 809 3871 2.

1371 2696 1396 2738 4
1431 2693 1620 2751 Eugen.
1654 2692 1737 2744 IV,
1774 2694 1857 2739 cit.
1908 2693 2048 2738 Decr.
2100 2693 2128 2751 ἓ
2180 2693 2223 2739 9.
2276 2691 2376 2739 Sed
2456 2739 2458 2748 ,

1313 2765 1561 2825 numquid
1590 2778 1686 2809 non
1709 2776 1838 2823 opus
1861 2766 1940 2810 est
1973 2765 2124 2809 etiam
2153 2765 2378 2820 subjecto
2449 2819 2457 2827 ,

1313 2834 1505 2888 idoneo,
1540 2839 1589 2879 et
1631 2837 1918 2881 intentione
1949 2836 2062 2891 ejus
2096 2833 2372 2895 recipiendi

1313 2912 1702 2959 sacramentum,
1737 2907 1781 2951 si
1824 2906 1977 2951 fuerit
2018 2903 2264 2952 adultus?
2300 2904 2379 2952 Ita

1314 2991 1473 3037 porro,
1496 2977 1584 3023 sed
1611 2981 1667 3021 ut
1690 2979 2065 3023 sacramentum
2100 2976 2204 3022 vim
2228 2988 2376 3024 suam

1313 3053 1500 3100 exerat,
1523 3061 1620 3093 non
1645 3053 1702 3092 ut
1731 3062 1826 3093 sua
1848 3047 1921 3093 illi
1943 3060 2042 3104 per·
2070 3060 2125 3094 se
2147 3048 2230 3107 vis,
2250 3060 2366 3093 con·

1313 3124 1439 3165 stet:
1465 3120 1538 3165 sic
1563 3133 1607 3163 v.
1628 3133 1681 3170 c.,
1701 3120 1850 3177 ignis,
1873 3121 1969 3164 etsi
1994 3131 2092 3163 non
2116 3117 2379 3165 comburat

1314 3193 1608 3242 amiantum,
1633 3191 1765 3250 ignis
1791 3194 1881 3236 est.
1907 3189 2055 3235 Porro
2089 3189 2173 3236 hic
2196 3189 2372 3236 admo-

1315 3261 1464 3306 nendi
1516 3274 1708 3312 sumus,
1760 3261 1852 3306 hoc
1901 3259 2175 3313 decretum,
2217 3273 2316 3306 non
2346 3273 2378 3307 a

1314 3331 1536 3379 Concilio
1562 3331 1863 3383 Florentino,
1886 3331 1975 3376 sed
2000 3330 2062 3376 ab
2085 3330 2210 3388 Eug.
2232 3328 2301 3374 IV
2321 3330 2375 3375 in

1316 3404 1441 3447 Sess.
1486 3385 1581 3446 Ult.
1617 3402 1756 3448 illius
1800 3402 1947 3450 Cone.
1982 3401 2176 3446 editum
2217 3399 2376 3446 fuisse

1313 3486 1401 3532 pro
1434 3473 1734 3527 isti-ustione
1756 3473 2088 3518 Armenorum
2123 3469 2376 3517 Ecclesiae

1315 3544 1566 3588 Romanae
1619 3543 1941 3603 disciplinam
1991 3543 2120 3588 scire
2164 3542 2374 3601 cupien-

1313 3615 1466 3667 tium3
1501 3615 1713 3674 ideoque
1747 3627 1844 3659 non
1873 3611 2216 3672 dogmaticum
2248 3624 2377 3668 esse,

1312 3697 1403 3729 ceu
1452 3684 1619 3729 visum
1671 3684 1865 3738 multis,
1908 3683 1999 3729 sed
2044 3683 2376 3728 historicum:

1313 3755 1445 3814 quod
1479 3755 1632 3800 velim
1666 3768 1727 3800 ne
1761 3753 1979 3800 excidat.
