2632 4094
192 144 294 203 260
588 163 730 203 mnu
766 164 833 202 m.
858 176 882 189 -
903 165 1076 205 raim.
1104 166 1181 206 m.
1215 167 1283 208 nr.
1314 166 1643 212 sacunino
1678 167 2040 213 rotumam!

285 250 410 305 313.
465 249 763 304 Hactenus
815 249 889 304 de
943 250 1173 308 dolore:
1216 266 1371 308 nunc
1411 253 1483 308 de
1529 253 1817 324 proposito
1854 269 1970 311 non
2013 258 2296 328 peccandi
2344 260 2425 322 de

193 342 442 395 caetero.
484 339 604 393 Hoc
657 353 887 409 quoque
935 339 1157 396 Nostris
1205 343 1298 398 est
1336 344 1440 397 aut
1492 342 1748 407 formale,
1789 346 1853 400 et
1899 332 2270 416 explicitum3
2318 355 2425 410 aut
2466 351 2473 365 “’

194 427 540 496 implicitum
592 430 652 482 et
702 427 975 493 virtuale,
1016 431 1167 501 quod
1217 448 1424 502 nempe
1476 433 1532 487 in
1576 433 1702 503 ipsa
1750 436 1973 504 peccati
2023 436 2453 500 detestatione·

192 517 374 571 tacite
427 516 778 572 continetur.
826 518 1198 582 Quaestionis
1252 523 1360 585 est,
1406 525 1601 577 utrum
1658 524 1912 581 sufficiat
1961 526 2310 599 implicitum
2361 535 2427 589 et
2470 559 2472 562 >

192 605 472 668 virtuale3
507 606 702 675 plures
729 612 789 663 et
816 623 1032 676 graves
1060 611 1163 664 TT.
1190 615 1429 678 negant,
1452 613 1592 682 quia
1619 613 2023 671 Tridentinum
2055 617 2196 675 illud
2231 620 2426 691 exigit

192 695 564 758 nominatim
592 696 693 751 alii
736 696 1049 763 affirmant,
1082 700 1220 770 quia
1249 715 1323 755 ex
1363 701 1706 757 Tridentino
1748 717 1821 758 ea
1859 704 2175 763 detestatio
2204 709 2426 767 sufficit

193 799 343 855 quae
386 784 750 841 voluntatem
794 789 1067 856 peccandi
1112 788 1370 844 excludit
1401 790 1533 861 (20);
1569 791 1670 846 alii
1713 792 1964 859 demum,
2009 795 2057 851 si
2114 799 2423 868 poenitens

192 875 413 943 cogitet
441 874 512 928 de
554 874 753 930 futura
781 877 904 931 vita
947 877 1220 942 ineunda,
1246 878 1363 934 illis
1403 882 1709 949 adherent,
1738 897 1806 938 eo
1848 885 1997 954 quod
2026 900 2200 943 secus
2227 889 2421 958 poeni·
2469 882 2476 890 ’

190 966 319 1020 tere
362 978 476 1018 non
519 964 843 1028 videretur:
886 966 976 1021 sin
1020 968 1210 1022 minus
1254 969 1366 1024 his:
1409 974 1469 1025 et
1499 972 1635 1040 jure
1680 987 1911 1040 prorsus
1951 972 2084 1047 (21).
2120 977 2326 1049 Itaque
2365 980 2420 1036 ei

192 1053 288 1123 qui
347 1053 571 1122 cogitat
624 1055 695 1110 de
751 1070 900 1110 nova
940 1057 1065 1113 vita
1122 1058 1380 1113 ineunda
1433 1061 1586 1127 prior
1625 1065 1925 1118 sententia
1977 1066 2242 1123 tenenda
2295 1072 2423 1126 est:

190 1142 585 1206 nihilominus,
627 1144 675 1198 si
721 1145 864 1200 nihil
920 1160 1152 1215 prorsus
1193 1148 1467 1203 dubitans
1517 1152 1818 1208 confessus
1865 1153 2060 1218 fuerit,
2104 1155 2423 1228 inquietari

190 1247 306 1287 non
340 1232 517 1288 debet
548 1231 681 1304 (22).

265 1322 392 1376 314.
415 1322 777 1392 Propositum
809 1323 1048 1380 formale
1077 1326 1252 1381 debet
1285 1341 1415 1383 esse
1442 1330 1793 1396 absolutum,
1815 1333 2044 1400 efficax,
2068 1335 2428 1395 universale.
2561 1303 2564 1307 ⁴
2622 1306 2632 1342 .-

194 1409 511 1465 Absolutum
552 1412 742 1481 quoad
786 1417 1046 1482 peccata,
1070 1413 1222 1470 idest
1262 1420 1328 1471 ut
1368 1419 1673 1487 poenitens
1706 1421 1927 1479 nullius
1968 1424 2054 1479 rei
2096 1441 2292 1493 causa,
2325 1429 2422 1486 vel

191 1502 486 1556 secundae
523 1501 616 1554 vel
658 1501 961 1565 adversae,
1006 1503 1148 1558 velit
1186 1506 1262 1559 ab
1303 1521 1373 1561 eo
1411 1507 1711 1564 dimoveri.
1745 1512 1950 1578 Effioaoe
1991 1515 2181 1584 quoad
2215 1518 2426 1583 media,

193 1589 345 1644 idest
387 1594 449 1644 ut
489 1590 599 1643 sibi
642 1593 926 1645 statutum
969 1592 1045 1647 sit
1086 1608 1157 1647 ea
1197 1595 1392 1650 omnia
1434 1612 1644 1653 cavere
1686 1614 1838 1670 quae
1877 1602 1951 1656 ad
1996 1608 2304 1671 peccatum
2338 1622 2425 1663 re·

189 1681 428 1735 trahere
473 1682 714 1749 possunt
755 1680 885 1751 (23).
938 1684 1254 1751 Universale,
1297 1700 1407 1739 nec
1448 1687 1634 1742 solum
1676 1690 1865 1759 quoad
1905 1705 2096 1746 οΜΝῐΑ.
2135 1708 2286 1764 quae
2326 1697 2426 1752 ad·

191 1771 367 1833 misit,
398 1772 499 1825 sed
542 1772 730 1841 quoad
771 1773 964 1827 omnia
1006 1789 1239 1843 prorsus
1283 1775 1348 1845 (si
1393 1778 1452 1831 et
1493 1777 1564 1832 de
1604 1779 1739 1834 aliis
1779 1779 2052 1854 cogitet);
2082 1785 2146 1839 et
2189 1784 2426 1854 planum

194 1863 284 1916 est
310 1858 440 1931 (24).

1365 2028 1531 2083 Croix,
1577 2029 1656 2086 VI,
1698 2031 1760 2089 11,
1795 2033 1897 2090 893,
1945 2039 2428 2088 eommunis-simam

1366 2106 1528 2156 vocat,
1558 2101 1648 2148 sed
1670 2116 1774 2150 non
1796 2108 2004 2151 certam.
2030 2109 2097 2152 At
2119 2107 2270 2155 hodie
2292 2113 2429 2156 certa

195 2036 288 2081 bus
311 2035 683 2081 universaliter
701 2037 970 2091 poenitere
1004 2036 1072 2090 (S.
1094 2036 1263 2096 Alph.‚

197 2104 280 2159 VI,
319 2106 437 2162 438).
470 2106 703 2154 Ceterum
730 2105 935 2164 expedit
956 2111 1026 2152 ad
1051 2109 1262 2164 singula

203 2179 454 2221 mortalia
494 2178 720 2222 crimina
746 2180 1023 2234 proprium
1061 2181 1259 2226 contri-

203 2249 358 2292 tionis
402 2250 629 2294 dolorem
671 2251 911 2296 adhibere
945 2249 1072 2304 (Cat.
1118 2252 1260 2297 Rom.

197 2321 227 2371 5
248 2320 310 2373 7).
335 2317 467 2374 Quid
501 2318 659 2378 igitur
682 2319 725 2363 si
752 2321 880 2379 quis,
906 2334 938 2364 v
961 2334 1030 2376 .c.‚
1054 2322 1259 2381 perjurii

199 2393 248 2435 et
267 2402 475 2434 aversae
495 2391 690 2435 veneris
710 2404 838 2444 reus,
859 2392 1038 2449 prioris
1057 2391 1261 2446 oblitus,

195 2459 414 2505 alterum
452 2464 654 2519 propter
683 2474 827 2506 suam
851 2462 1144 2508 foeditatem
1178 2463 1261 2508 de-

198 2529 381 2575 vovet?
416 2531 630 2587 Quidam
677 2536 861 2590 putant
900 2533 1259 2579 confessionem

195 2601 349 2661 plane
373 2604 585 2646 irritam
610 2616 733 2656 esse,
759 2605 878 2662 quia
906 2603 1115 2650 oblitum
1152 2606 1261 2650 sine

194 2671 379 2725 dolore,
414 2675 707 2733 confessum
741 2675 849 2719 sine
883 2674 1037 2721 oblito
1069 2677 1260 2721 remitti

194 2756 292 2788 non
344 2747 539 2804 potest:
594 2744 681 2790 alii
739 2751 915 2791 contra
970 2746 1260 2803 formatam

197 2814 358 2872 plane,
395 2816 514 2874 quia
537 2828 651 2861 cum
677 2822 993 2862 sacramento
1028 2817 1155 2862 nihil
1180 2817 1262 2863 de-

198 2885 283 2937 sit,
304 2898 508 2930 necesse
527 2891 604 2931 est
625 2892 889 2946 peccatum
909 2890 1100 2933 remitti
1127 2890 1259 2948 quod

198 2955 482 3000 confessum
534 2959 625 3010 est,
677 2958 888 3017 ideoque
943 2963 993 3003 et
1046 2959 1258 3005 alterum

199 3025 454 3070 indirecte.
491 3027 589 3071 Alii
625 3028 824 3073 demum
875 3033 1140 3090 utramque
1177 3043 1258 3075 ra·

196 3097 384 3141 tionem
421 3099 584 3152 veriti,
618 3102 778 3144 ratam
816 3099 1037 3159 quidem,
1071 3099 1160 3144 sed
1190 3103 1262 3146 in-

195 3166 418 3224 formem
465 3167 540 3223 (V.
590 3172 619 3221 g
675 3171 771 3226 106,
823 3173 898 3226 l4)
952 3174 1136 3230 putant
1183 3170 1261 3215 (V.

198 3235 245 3281 S.
273 3237 436 3295 Alph.‚
476 3237 555 3291 VI,
591 3240 711 3297 444).
747 3240 870 3285 Mihi
906 3240 1130 3286 secunda
1154 3254 1263 3286 sen-

195 3309 356 3352 tentia
392 3308 595 3353 videtur
629 3324 758 3365 vera,
783 3325 838 3355 eo
863 3313 1100 3361 maxime,
1129 3311 1263 3382 qugd

195 3379 462 3436 poenitens
506 3382 690 3425 obicem
734 3395 832 3425 non
879 3383 1038 3441 ponit.
1074 3381 1255 3426 Verum

196 3461 436 3507 quorsum
484 3453 714 3509 quaestio
758 3453 920 3498 haec?
970 3453 1156 3512 Nempe
1207 3458 1262 3497 ut

198 3520 438 3574 sciamus,
477 3534 537 3565 an
580 3522 840 3580 poenitens
878 3527 1109 3567 teneatur
1145 3537 1257 3582 pec·

198 3593 367 3633 catum
417 3592 550 3649 quod
603 3592 863 3637 confessus
910 3598 987 3638 est
1036 3594 1259 3639 confiteri

197 3658 391 3703 denuo:
427 3663 476 3705 in
514 3661 664 3707 dubio
697 3665 810 3721 quis
848 3664 1090 3709 affirmet?

256 3730 313 3771 20
349 3730 496 3782 Trid„
530 3732 668 3788 XIV,
698 3736 744 3778 h.
776 3739 825 3786 t.,
861 3738 900 3778 4.
927 3733 984 3778 V.
1010 3734 1165 3793 Lugo,
1194 3735 1262 3789 14,

195 3797 267 3852 52,
304 3803 423 3854 etc.;
458 3802 508 3847 S.
532 3803 696 3863 Alph.‚
732 3803 815 3858 VI,
848 3805 951 3858 450,
985 3806 1065 3849 cui
1101 3807 1262 3865 poste·

196 3869 299 3916 rior
333 3874 588 3919 sententia
632 3873 935 3933 probabilior
980 3879 1077 3920 est:
1111 3889 1260 3935 quam

1365 2171 1463 2218 dici
1517 2177 1684 2232 potest
1732 2189 1793 2222 ex
1843 2177 2087 2224 Ins-cruet.
2129 2191 2247 2237 pro·
2275 2193 2431 2238 parv.

1363 2242 1547 2290 Bened.
1564 2244 1695 2302 XIII,
1711 2246 1773 2292 ad
1792 2246 1978 2293 calcem
2005 2249 2150 2296 Cone.
2164 2251 2310 2297 Rom.
2327 2253 2429 2313 Ap-

1364 2315 1552 2373 pendix
1588 2316 1658 2369 29,
1694 2316 1799 2363 Par.
1836 2319 1877 2364 3.
2324 2318 2329 2323 ’

1423 2385 1473 2429 21
1513 2386 1719 2443 Holzm.,
1762 2402 1808 2434 n.
1855 2389 1963 2443 4013
2010 2390 2260 2452 S.A1ph.‚
2306 2391 2338 2438 1.
2371 2403 2452 2449 e.,·
2535 2374 2538 2376 ’
2625 2360 2632 2362 ”

1364 2454 1493 2500 Sane
1520 2455 1698 2503 Davidi
1724 2459 1850 2504 satis
1869 2459 1968 2505 fuit
1990 2460 2205 2519 dixisse,
2222 2465 2431 2519 peccavi
2471 2502 2476 2507 .

1362 2527 1584 2573 Domino
1616 2528 1682 2584 (ΙΙ
1713 2529 1851 2589 Reg.,
1879 2530 1987 2582 XII,
2019 2531 2106 2590 13).

1422 2598 1481 2641 ‘22
1516 2598 1642 2645 Viva
1674 2600 1724 2645 in
1756 2600 1923 2648 Innoc.
1958 2602 2041 2655 XI,
2075 2602 2150 2659 65,
2182 2607 2212 2658 5
2252 2605 2318 2650 16.

1420 2669 1479 2714 23
1513 2669 1560 2715 S.
1595 2669 1758 2730 Alph.‚
1792 2670 1878 2727 VI,
1913 2674 2015 2717 451.
2048 2673 2178 2731 Quid
2223 2676 2267 2720 ei
2311 2689 2428 2736 poe·
2464 2728 2468 2737 Ἴ

1363 2744 1533 2787 nitens
1582 2746 1717 2788 certo
1761 2755 1815 2787 se
1861 2743 2179 2802 relapsurum
2227 2759 2428 2806 respon-

1363 2812 1492 2868 deat,
1528 2818 1699 2858 utrum
1734 2813 1828 2859 hoc
1863 2814 2120 2861 infirmum
2146 2815 2427 2864 voluntatis
2459 2807 2467 2815 ”

1363 2885 1694 2944 propositum,
1729 2885 1803 2930 uti
1838 2885 2107 2938 Concinae;
2148 2900 2211 2932 an
2241 2884 2426 2950 mentis

1363 2958 1559 3000 tantum
1575 2955 1826 3015 judicium
1847 2956 2040 3015 prodat,
2058 2960 2114 3002 ut
2130 2956 2427 3017 Laymanno

1363 3027 1529 3071 visum
1548 3030 1625 3071 est
1642 3026 1744 3085 (IV,
1769 3026 1850 3081 8)?
1876 3026 2124 3072 Neutrum
2149 3027 2311 3087 plane,
2335 3025 2426 3075 sed

1366 3098 1547 3142 melius
1605 3098 1941 3143 confessarius
2004 3098 2127 3144 haec
2190 3099 2427 3159 dispiciet

1364 3169 1500 3213 varie
1534 3181 1595 3213 ex
1640 3169 1898 3228 personis:
1943 3171 1993 3214 in
2027 3169 2179 3215 dubio
2222 3163 2430 3230 expedit

1364 3237 1602 3290 diffidere,
1636 3243 1685 3282 et
1718 3238 2086 3284 absolutionem
2129 3238 2340 3285 differre.
2369 3238 2427 3283 V.

1364 3309 1409 3352 S.
1444 3309 1607 3368 Alph.‚
1642 3309 1729 3362 VI,
1763 3310 1864 3360 451,
1901 3322 1946 3354 v.
1985 3311 2078 3354 Sed
2109 3311 2203 3356 hic.

1423 3381 1479 3422 ’24
1517 3379 1570 3424 V.
1606 3379 1772 3434 Croix,
1806 3379 1887 3434 VI,
1932 3381 1996 3434 ll,
2029 3379 2128 3424 898.
2163 3379 2283 3424 Dixi
2308 3391 2430 3439 pro-

1360 3453 1603 3506 positum,
1657 3455 1707 3496 et
1759 3464 1856 3496 non
1903 3452 2186 3507 promissio
2234 3448 2308 3508 (V.
2366 3449 2430 3507 11,

1364 3521 1463 3573 411,
1499 3521 1598 3578 3l);
1626 3534 1780 3581 quam
1805 3534 1895 3566 nec
1925 3520 2130 3580 expedit
2153 3520 2427 3568 formaliter

1366 3592 1528 3645 edere,
1545 3592 1621 3636 vel
1642 3594 1842 3650 exigere
1863 3592 2086 3650 (Sanch.‚
2106 3591 2157 3636 D.
2178 3591 2261 3645 IV,
2286 3593 2322 3647 l,
2342 3591 2423 3651 313

1366 3663 1554 3720 Laym.‚
1587 3663 1706 3720 Cap.
1730 3662 1813 3718 IV,
1841 3663 1903 3718 8),
1935 3663 2056 3722 quia
2087 3675 2268 3707 novam
2303 3661 2425 3709 obli·

1363 3735 1616 3792 gationem
1641 3734 1786 3792 parit.
1818 3733 1934 3779 Dixi
1962 3733 2425 3790 formaliter-,nam

1365 3817 1493 3863 quae
1526 3817 1587 3848 ex
1624 3817 1757 3850 more
1781 3804 1851 3859 fit,
1877 3803 1956 3850 vel
1980 3803 2218 3863 exigitur,
2241 3804 2291 3849 in
2314 3816 2425 3863 pro-

1365 3876 1589 3933 positum
1622 3874 1818 3923 recidit.
