2632 4094
179 139 283 196 286
565 152 706 195 ιιιιειι
742 157 808 195 ιιι.
842 168 870 180 -
902 155 1076 194 τιιΛστ.
1114 155 1179 194 ιιι.
1218 157 1282 195 οε
1317 155 1647 196 sionnam-o
1682 155 2042 197 rosunum-iu
2079 130 2081 132 ’

186 244 488 311 peccatum
532 240 698 310 quasi
742 240 983 295 dubium
1024 241 1325 296 confessus
1366 240 1491 306 suit,
1521 241 1568 296 si
1601 241 1805 311 postea
1844 241 1974 311 ejus
2013 242 2175 299 certo
2211 240 2418 299 memi·
2509 224 2531 234 ”

186 331 362 395 nerit,
392 333 668 384 teneatur
709 329 854 384 illud
894 330 1159 386 confiteri
1201 331 1415 386 denuo:
1446 330 1546 386 sed
1589 330 1636 384 si
1668 329 1717 384 is
1745 329 1843 400 qui
1873 325 2114 388 dixit²se
2148 331 2418 402 blasphe-

185 434 374 474 masse
404 421 563 471 deoies
594 422 801 473 circiter
829 434 943 474 non
988 422 1241 482 tenetur,
1271 434 1636 490 consequens
1677 424 1768 474 est
1809 419 2005 475 dicere
2036 435 2228 491 neque
2262 420 2423 476 hunc

185 508 385 563 verius
416 508 626 574 teneri,
650 524 782 564 nam
813 512 875 564 et
904 524 974 564 ea
1003 523 1155 579 quae
1186 509 1285 563 illo
1311 509 1590 564 adverbio
1617 510 1822 563 circiter
1850 509 2224 566 continentur
2253 508 2422 581 quasi

185 597 362 652 dubia
389 598 655 652 confiteri
687 600 878 667 palam
910 601 999 654 est
1020 598 1112 670 (8).

259 688 386 742 351.
416 685 713 742 Confessio
742 691 831 742 est
859 687 1041 751 nulla,
1071 687 1303 758 quando
1329 686 1553 757 aliquid
1578 686 1747 741 deest
1776 702 1851 742 ex
1881 687 1987 752 his,
2016 703 2167 758 quae
2196 688 2266 743 ad
2299 688 2429 758 eJus

186 777 576 831 substantiam
606 776 919 846 pertinent.
954 778 1023 831 Et
1064 777 1352 847 siquidem
1396 778 1500 830 hoc
1542 775 1728 830 defuit
1769 777 1917 831 citra
1956 791 2184 832 omnem
2224 777 2421 847 poeni-

188 866 374 921 tentis
416 865 665 935 culpam,
691 863 927 919 invalida
956 866 1327 935 simpliciter3
1356 865 1450 920 sin
1481 866 1654 935 culpa
1685 865 1886 935 ipsius,
1913 868 2167 936 sacrileqa
2196 865 2426 937 proprio
2463 871 2469 879 '

186 956 419 1010 nomine
461 956 575 1010 dici
617 956 782 1011 solet.
824 956 1084 1026 Utraque
1130 956 1312 1024 igitur
1352 955 1675 1024 repetenda
1719 956 1902 1009 foret:
1951 955 2332 1011 nihilominus
2373 955 2423 1010 si

186 1044 295 1099 fuit
335 1046 588 1105 invalida,
626 1061 736 1098 non
768 1050 905 1099 sunt
949 1045 1315 1115 inquietandi
1348 1046 1445 1115 qui
1479 1046 1626 1099 bona
1655 1045 1767 1100 fide
1798 1048 2022 1108 tenent,
2051 1059 2115 1099 se
2145 1045 2257 1101 rite
2289 1059 2421 1101 con·

184 1131 368 1189 fessos
409 1135 717 1206 suisse(9):
760 1137 848 1189 sin
891 1136 1161 1204 sacrilegia,
1203 1133 1436 1188 omnino
1476 1135 1800 1203 repetenda
1842 1136 1949 1189 est.
1993 1135 2068 1189 At
2110 1149 2427 1205 numquam

184 1227 275 1279 est
309 1225 628 1293 repetenda
668 1225 952 1279 confessio
995 1224 1363 1286 intermedia,
1394 1224 1438 1278 si
1483 1224 1628 1278 forte
1673 1224 1867 1278 valida
1908 1222 2237 1295 fuerit(10).

259 1314 386 1367 352.
419 1315 679 1384 Denique
717 1313 773 1366 in
805 1314 995 1375 dubio,
1028 1317 1223 1367 utrum
1251 1313 1535 1368 confessio
1564 1318 1691 1368 rata
1726 1313 1906 1368 fuerit
1940 1329 2014 1368 an
2053 1311 2236 1377 irrita,
2264 1315 2425 1368 stan·
2454 1319 2468 1334 ¹·

187 1402 324 1456 dum
366 1406 457 1455 est
498 1418 600 1471 pro
641 1402 839 1457 valore
880 1405 1066 1464 actus,
1104 1406 1165 1457 et
1203 1403 1539 1466 tenendum,
1586 1405 1652 1457 ut
1691 1403 1856 1467 alias,
1908 1403 2026 1471 legi
2071 1388 2461 1459 satisfecisse*

188 1507 324 1546 eum
353 1491 449 1561 qui
482 1492 781 1546 confessus
810 1494 900 1545 est
925 1491 1091 1559 (Prol.
1113 1492 1150 1560 g
1176 1491 1316 1562 169).
1350 1491 1634 1555 Quocirca
1661 1507 1774 1547 non
1806 1492 2036 1561 cogeris
2066 1493 2259 1547 denuo
2287 1507 2432 1548 con—

186 1582 339 1635 fiteri
370 1582 417 1635 si
457 1582 690 1636 dubites
726 1597 798 1636 ne
828 1580 1083 1635 defuerit
1120 1580 1343 1650 aliquid
1372 1581 1497 1636 sive
1544 1578 1604 1635 1⁰
1638 1584 1961 1648 confessioni,
1991 1598 2046 1633 v.
2075 1597 2144 1643 ο..
2187 1596 2261 1637 ne
2290 1596 2426 1636 con-

186 1671 473 1726 scientiae
496 1674 634 1726 tuae
659 1671 916 1726 latebras
939 1670 1338 1740 exploraveris
1361 1670 1506 1725 satis
1527 1670 1848 1739 diligenter
1866 1670 1999 1742 (11):
2023 1670 2148 1726 sive
2171 1671 2227 1726 2⁰
2243 1669 2431 1735 dolori,

190 1763 402 1831 utputa
431 1762 477 1815 si
522 1763 825 1831 peccatum
869 1760 1127 1814 dolueris
1156 1761 1227 1814 ob
1268 1765 1487 1815 metum
1532 1774 1847 1829 poenarum
1876 1760 2285 1831 temporalium
2321 1765 2428 1815 aut

185 1850 542 1920 propositum
586 1851 824 1904 formale
855 1854 913 1905 et
944 1850 1285 1918 explicitum
1316 1848 1374 1920 (g
1406 1851 1528 1913 177,
1552 1848 1646 1923 22)
1675 1865 1788 1904 non
1821 1850 2096 1905 habueris
2121 1848 2232 1921 (12)
2258 1868 2270 1904 :
2302 1850 2429 1906 sive

251 2014 281 2057 8
314 2012 472 2072 Lugo,
512 2012 580 2066 16,
614 2013 687 2057 78.
721 2013 814 2058 Est
847 2016 897 2058 et
942 2014 1042 2059 alia
1075 2025 1260 2072 urgens

195 2084 339 2136 ratim
371 2084 496 2142 quia
528 2083 621 2129 hoc
653 2087 915 2143 peccatum
936 2084 1042 2143 jam
1068 2085 1261 2131 directe

190 2154 291 2199 fuit
335 2152 642 2199 absolutum.
687 2152 782 2199 Alii
834 2159 1008 2199 contra
1060 2158 1261 2214 putant,

194 2226 315 2285 quia
337 2227 602 2285 peccatum
627 2237 716 2270 nec
738 2223 837 2269 fuit
870 2225 1161 2284 expositum
1184 2227 1262 2270 uti

195 2300 315 2343 erat
345 2298 402 2342 in
423 2297 755 2352 conscientia,
774 2299 924 2356 prout
950 2297 1131 2356 (ajunt)
1158 2295 1262 2342 Tri-

196 2366 331 2411 dent.
385 2366 655 2426 praecipit3
706 2380 797 2412 nec
851 2368 1101 2424 empticita
1152 2367 1265 2425 fuit

198 2438 497 2483 substantia
521 2439 749 2494 peccati,
779 2448 910 2494 quae
940 2439 1180 2483 consistit
1204 2439 1261 2483 in

199 2511 311 2565 eius
342 2509 547 2565 coynita
575 2511 838 2565 pravitate
872 2506 941 2563 (S.
975 2507 1142 2567 Alph„
1175 2508 1260 2564 VI,

196 2579 322 2637 478).
341 2580 423 2629 At,
459 2592 578 2637 pace
613 2578 659 2625 S.
686 2578 915 2624 Doctoris
939 2581 1111 2633 nostri,
1136 2581 1260 2625 haec

192 2650 322 2695 ratio
344 2651 471 2694 mihi
505 2648 726 2695 difficilis
754 2654 848 2707 est,
882 2663 981 2695 non
1018 2652 1152 2696 enim
1177 2664 1260 2696 su·

188 2733 277 2780 per
309 2721 561 2781 gravitate
605 2721 798 2780 peccati
837 2730 899 2776 (v.
935 2734 992 2775 c.,
1018 2720 1256 2780 blasphe-

195 2791 340 2845 miae,
363 2791 591 2851 perjurii)
617 2790 830 2837 dubium
863 2792 1015 2846 eadit,
1048 2791 1138 2837 sed
1175 2806 1259 2838 su·

193 2875 281 2921 per
316 2867 519 2920 peccato
554 2862 685 2920 ipso;
715 2861 1054 2908 confessarius
1089 2867 1258 2908 autem

195 2935 283 2977 aut
316 2931 409 2977 hoc
432 2936 696 2992 peccatum
723 2932 1127 2993 (blasphemiam,
1150 2947 1260 2994 per·

185 3002 399 3061 jurium)
446 3001 676 3055 absolvit,
724 3006 814 3048 ant
857 3002 983 3048 nihil
1033 3017 1261 3063 prorsus.

197 3071 550 3117 Tridentinum
575 3086 690 3118 vero
723 3087 824 3119 non
850 3074 995 3133 jubet
1028 3075 1260 3122 confiteri

194 3146 456 3202 peccatum
488 3146 638 3202 prout
661 3148 739 3189 est
771 3146 821 3189 in
847 3146 1158 3191 conscientia
1181 3145 1259 3202 (V.

192 3214 241 3259 S.
276 3213 442 3272 Alph,
478 3213 558 3267 VI,
594 3214 719 3270 474),
760 3215 849 3260 sed
886 3215 1031 3275 jubet
1078 3217 1254 3276 poeni·

193 3287 359 3329 tentes
394 3290 598 3342 peccata
632 3299 726 3330 sua
769 3286 997 3332 confiteri
1039 3300 1261 3345 quorum

192 3357 564 3401 conscientiam
598 3357 806 3411 habent5
839 3369 967 3416 quae
1002 3356 1102 3403 duo
1140 3371 1261 3403 sane

195 3426 391 3472 distant
440 3426 501 3481 (S.
537 3425 703 3485 Alph„
737 3427 821 3473 eit.
864 3442 908 3472 n.
943 3431 1071 3483 474):
1123 3433 1175 3473 et
1216 3428 1260 3474 si

198 3498 522 3558 praeciperet,
566 3499 652 3557 qui
695 3511 753 3542 ea
802 3498 958 3544 semel
997 3498 1261 3545 confessus

190 3568 292 3613 fuit
324 3570 470 3626 quasi
511 3566 679 3625 dubia,
708 3569 813 3627 J'am
857 3572 1122 3629 praecepto
1170 3569 1258 3614 de-

191 3637 403 3684 functus
428 3643 579 3685 esset.
603 3638 695 3683 Pro
721 3642 983 3698 posteriori
1006 3641 1263 3686 sententia

195 3708 458 3755 vindiciae
476 3710 660 3769 Ligor.‚
678 3709 783 3755 Par.
810 3709 867 3765 V,
889 3712 1040 3767 Quae.
1067 3710 1175 3769 V11,
1193 3724 1264 3757 se·

196 3783 332 3840 ptem
357 3794 514 3840 supra
535 3782 619 3838 30;
639 3781 818 3828 Baller.
837 3785 1004 3826 autem
1027 3781 1089 3827 ad
1109 3781 1264 3840 Gury,

191 3850 255 3906 11,
289 3852 391 3907 480,
424 3858 536 3899 octo
571 3856 621 3899 et
654 3853 712 3898 30
745 3854 850 3899 ΑΑ.
883 3866 973 3913 pro
1000 3853 1154 3912 priori
1194 3866 1267 3898 re·

1363 2014 1548 2058 censet.
1573 2010 1704 2059 Sane
1738 2015 1870 2066 vota,
1895 2016 1947 2058 et
1980 2025 2224 2060 censurae
2245 2010 2429 2060 dubiae

1363 2082 1521 2127 semel
1554 2083 1869 2143 dispensata,
1895 2082 1973 2128 vel
1996 2082 2276 2139 absolutae,
2298 2094 2430 2129 nova

1364 2151 1763 2212 dispensatione,
1789 2152 2104 2199 absolutione
2130 2166 2227 2200 non
2251 2157 2429 2214 egent:
2500 2154 2502 2158 ’

1363 2237 1454 2268 cur
1499 2237 1598 2269 non
1643 2223 1776 2270 idem
1812 2224 1944 2285 juris
1990 2227 2070 2269 est
2108 2225 2160 2270 in
2207 2224 2431 2285 peccatis

1364 2294 1579 2355 (Sporer,
1600 2295 1735 2354 397)?
1753 2295 2039 2356 Utcumque
2061 2296 2144 2342 lex
2165 2296 2322 2344 dubia
2338 2298 2432 2344 est.

1422 2367 1451 2410 9
1484 2365 1562 2412 Ex
1597 2365 1644 2412 S.
1680 2366 1730 2411 G.
1765 2367 1836 2420 C.,
1875 2367 1920 2411 11
1959 2366 2159 2413 Decem.
2189 2367 2315 2423 1683,
2347 2380 2456 2429 ap.-

1363 2436 1545 2483 Bened.
1579 2435 1710 2489 XIV,
1742 2436 1854 2483 Not.
1887 2438 1960 2490 84,
1994 2437 2047 2482 in
2081 2437 2131 2484 fl.

1428 2506 1479 2551 10
1498 2505 1655 2566 Lugo,
1686 2507 1752 2561 16,
1771 2507 1886 2566 599;
1909 2504 2076 2565 Groix‚
2106 2506 2187 2563 VI,
2208 2506 2271 2563 II,
2294 2506 2432 2565 {2243

1366 2574 1531 2637 Vasq„
1555 2577 1754 2631 Bonac„
1775 2576 1986 2633 Dicast.,
2008 2576 2278 2637 Salm.,V1,
2295 2578 2340 2632 9,
2366 2577 2431 2624 10.
2472 2592 2477 2599 ’

1429 2649 1476 2692 11
1516 2648 1734 2702 Busem.,
1771 2662 1850 2708 ap.
1883 2647 1933 2694 S.
1955 2647 2121 2708 Alph„
2148 2646 2232 2702 vl,
2267 2648 2371 2694 471.

1429 2719 1483 2764 12
1516 2718 1565 2766 S.
1599 2718 1765 2778 Alph„
1801 2718 1882 2771 VI,
1917 2719 2022 2774 450,
2055 2717 2224 2778 ibique
2259 2718 2434 2781 Vasq„
2471 2714 2475 2756 Τ

1365 2789 1524 2845 Suar„
1567 2789 1818 2845 Bellarm„
1863 2789 2004 2844 Viva,
2038 2790 2207 2838 Croix.
2242 2789 2431 2838 Verum
2465 2797 2473 2804 ‘

1363 2860 1411 2907 S.
1448 2860 1634 2907 Doctor
1675 2860 1737 2906 ab
1783 2862 1879 2906 hac
1923 2860 2179 2907 sententia
2219 2860 2434 2908 recessit

1365 2946 1440 2979 an.
1469 2931 1597 2987 1767,
1622 2934 1767 2978 ratus
1790 2936 1988 2979 certam
2014 2930 2287 2977 confitendi
2311 2929 2431 2977 obli-

1361 3005 1616 3063 gationem
1639 3003 1952 3050 confessione
1971 3004 2124 3049 dubie
2145 3001 2316 3048 valida
2337 3001 2430 3048 im·

1363 3075 1488 3135 pleri
1507 3088 1605 3120 non
1625 3088 1788 3134 posse.
1807 3073 1904 3121 Sed
1923 3072 2035 3119 heic
2051 3086 2151 3119 non
2170 3084 2433 3119 versamur

1364 3147 1416 3191 in
1449 3144 1602 3191 dubio
1636 3146 1771 3199 facti,
1803 3143 2005 3205 quando
2038 3143 2199 3190 lexin
2233 3154 2432 3203 posses-

1364 3217 1505 3262 sione
1554 3220 1647 3272 est,
1692 3219 1883 3270 utrum,
1930 3227 2126 3273 nempe,
2169 3211 2431 3260 confessus

1363 3287 1531 3342 fuerit,
1574 3301 1637 3332 an
1682 3287 1852 3331 minus
1896 3284 2065 3345 (5170,
2099 3284 2203 3342 46);
2245 3282 2336 3328 sed
2377 3281 2432 3328 in

1366 3357 1541 3414 dubio,
1573 3371 1662 3404 seu
1700 3357 1874 3417 potius
1918 3353 2273 3416 probabilitate
2297 3352 2431 3413 ,iuris

1367 3428 1440 3483 (V.
1469 3429 1517 3475 S.
1542 3427 1709 3488 Alph„
1732 3426 1819 3484 111,
1840 3427 1943 3481 700,
1973 3439 2016 3471 v.
2042 3425 2142 3472 Sed
2157 3423 2429 3480 occurrit).-

1367 3499 1635 3546 dubitatur
1659 3499 1808 3554 enim,
1835 3502 2016 3543 utrum
2041 3495 2296 3552 confessio
2317 3492 2432 3551 fue·
2465 3498 2470 3502 ”

1366 3574 1443 3616 ric
1464 3572 1644 3616 valida
1669 3583 1741 3615 an
1763 3570 2029 3623 invalidas
2051 3565 2185 3626 quod
2206 3577 2322 3612 cum
2339 3562 2433 3609 du·

1370 3641 1577 3696 bitatur‚
1613 3642 1794 3687 valida
1828 3644 1905 3687 est
1934 3639 2226 3695 reputanda
2258 3632 2433 3691 (S.A1-

1367 3712 1465 3771 ph„
1487 3710 1569 3766 VI,
1593 3711 1726 3770 505):
1752 3713 1810 3756 nt
1831 3708 1958 3755 alias
1981 3709 2034 3754 in
2058 3719 2114 3753 eo
2139 3706 2228 3765 qui
2250 3703 2431 3750 recitat

1368 3782 1519 3827 horas
1552 3782 1821 3827 canonicas
1843 3776 2127 3825 voluntarie
2151 3775 2429 3821 distractus

1369 3853 1538 3899 animo
1557 3851 1626 3910 (S.
1645 3851 1811 3911 Alph.,
1833 3849 1921 3908 111,
1951 3850 2070 3907 177).
2091 3847 2192 3894 Nec
2214 3852 2431 3905 regeras,
