2632 4094
483 29 537 50 ·:··
650 0 799 53 mv?

464 61 471 69 .

314 123 406 197 μ’·
430 100 550 167 '‘l-w}
663 123 715 173 ιι.
748 129 819 172 n
848 129 1286 176 uon-nmo·
1321 129 1773 176 conmanunt
1806 129 1871 172 ιτ
1902 128 2236 175 meumes:
2352 116 2446 174 2‘21

335 186 489 280 eut
523 213 628 294 (9).
665 214 919 275 Demum
970 217 1296 292 requiritur
1334 221 1403 276 ut
1457 217 1617 274 nullo
1663 216 2308 282 excommunicationis,
2352 218 2447 275 vel

188 366 222 387 ὀ,
373 299 507 368 icti
560 307 887 381 personalis
934 307 1172 366 vinculo
1220 308 1301 366 sit
1346 307 1666 365 obstrictus
1702 306 1845 376 (10):
1891 320 2097 362 verum
2137 306 2187 363 si
2237 306 2287 363 is
2336 323 2449 364 non

309 401 389 459 ἱ
422 399 729 460 abstinere
767 414 807 456 a
843 401 1217 458 sacramento
1254 400 1386 457 sine
1429 399 1787 455 incommodo
1826 398 2015 468 gravi.
2049 396 2287 471 (utputa
2320 399 2452 457 sine

162 476 487 554 masio
515 489 611 547 vel
645 489 907 560 infamia)
935 488 1096 547 licite
1136 488 1388 556 accedit,
1415 489 1687 561 quamvis
1713 503 1750 543 a
1781 491 2034 544 censura
2075 488 2132 544 in
2170 503 2455 559 praesens

131 571 434 651 ,amvi
477 594 593 636 non
636 579 820 651 possit
850 577 984 652 (11).

238 668 410 729 250.
451 669 615 726 Inter
664 668 938 732 infantes.
977 671 1042 726 et
1086 668 1321 725 adultos
1359 682 1503 725 suae
1556 666 1773 723 mentis
1821 668 2027 722 tenent
2080 667 2134 723 hi
2178 668 2276 739 qui
2321 671 2453 739 post

152 756 517 838 mutiam
577 758 634 814 in
693 757 1015 815 amentiam
1075 757 1431 821 inciderunt
1478 756 1757 829 quamdiu
1816 757 2081 812 amentia
2142 757 2451 820 laborant:

163 848 427 910 etenim
468 849 528 904 in
571 862 855 919 praesens
894 847 1060 904 nulla
1102 863 1213 904 nec
1255 846 1509 904 intentio
1551 861 1660 902 nec
1694 846 1999 916 dispositio
2041 846 2200 915 exigi
2244 848 2319 901 ab
2361 846 2451 903 eis

81 989 84 994 .
123 909 416 1014 „fffpotesk
455 938 559 995 sed
614 941 775 994 retro
812 951 999 1011 agere
1050 939 1299 1009 oportet.
1339 939 1401 994 et
1452 937 1526 993 ad
1571 937 1716 991 illud
1759 935 2037 1006 temporis
2091 940 2448 991 momentum

143 1060 148 1068 ·
199 1027 447 1094 reverti.
487 1042 605 1101 quo
642 1026 966 1091 desierunt.
991 1030 1100 1083 aut
1140 1026 1356 1083 iterum
1396 1025 1705 1083 desierunt
1745 1040 1876 1082 esse
1918 1041 2062 1082 suae
2103 1026 2349 1082 mentis:
2391 1029 2456 1083 et

91 1119 154 1196 j,
200 1115 254 1179 ni
292 1119 440 1176 tunc
477 1121 758 1176 neutrum
797 1116 888 1174 eis
924 1115 1131 1180 demit,
1172 1119 1607 1172 sacramentum
1648 1115 1899 1172 conferri
1937 1115 2151 1187 poterit
2179 1115 2319 1186 (12),
2347 1115 2452 1171 sed

94 1208 154 1293 ,¹
201 1207 459 1268 conferri
498 1222 615 1264 nou
653 1207 832 1264 debet
873 1206 986 1263 nisi
1029 1205 1089 1262 in
1131 1205 1419 1277 probabili
1463 1206 1725 1278 periculo
1766 1206 1972 1262 mortis
2002 1205 2137 1279 (13).
2166 1206 2270 1262 His
2311 1222 2453 1277 pro-

80 1355 90 1360 ,
192 1298 346 1357 ximi
382 1299 526 1357 cunt
564 1296 837 1355 sensibus
881 1296 1175 1361 destituti,
1217 1295 1430 1367 quibus
1477 1297 1851 1352 sacramenta
1906 1296 2102 1351 danda
2143 1310 2256 1352 uon
2311 1301 2449 1352 sunt

102 1436 117 1443 -
199 1387 316 1448 uisi
362 1387 426 1445 iu
464 1387 668 1445 mortis
726 1386 1005 1458 pericu10‚
1047 1391 1108 1443 et
1150 1401 1259 1442 nec
1309 1386 1368 1440 in
1412 1386 1673 1456 periculo
1721 1385 1925 1441 mortis
1965 1386 2011 1440 si
2073 1386 2129 1440 in
2169 1387 2451 1453 manifesto

107 1501 118 1538 3v
200 1478 449 1558 'peccato
494 1476 726 1534 mortali
776 1476 1075 1532 decedunt
1115 1475 1254 1548 (14).
1298 1476 1423 1531 Dixi
1465 1478 1772 1544 ηιαπξίεειος
1816 1491 1948 1532 nam
1994 1475 2052 1531 in
2093 1476 2270 1531 dubio
2323 1474 2448 1530 dari

100 1569 450 1651 „suebentz
490 1582 703 1639 nempe
743 1567 1071 1639 baptismus
1112 1572 1173 1624 et
1215 1566 1582 1639 poenitentia
1620 1567 1855 1622 tametsi
1898 1565 1998 1621 vix
2042 1565 2344 1636 probabile
2372 1565 2453 1619 sit

94 1643 307 1726 ’ἥσω
341 1658 459 1716 rite
497 1674 631 1716 6336
671 1658 999 1729 dispositos,
1029 1657 1394 1713 confirmatio
1434 1672 1575 1712 vero
1616 1658 1675 1712 et
1716 1660 1983 1712 extrema
2027 1655 2226 1711 unctio
2254 1654 2303 1711 si
2339 1655 2449 1711 hoc

93 1748 288 1826 Qut
324 1763 469 1807 vere
512 1748 811 1820 probabile
843 1747 934 1817 (V.
967 1749 1005 1817 ᾖ
1044 1746 1197 1819 249).

275 1838 407 1896 mo.
436 1838 740 1894 Postremo
779 1837 1086 1893 videamus
1124 1837 1264 1908 quid
1298 1838 1453 1908 Juris
1494 1838 1574 1892 sit
1614 1838 1673 1892 in
1715 1837 1923 1900 surdiS‚
1967 1842 2028 1892 et
2067 1836 2247 1891 mutis
2284 1851 2322 1891 a
2350 1850 2453 1891 na-

116 1914 177 1972 7'·
199 1926 463 1993 fivitaoe.
490 1927 728 1990 adultis,
760 1927 999 1999 inquam
1028 1927 1127 1998 qui
1160 1926 1217 1982 in
1259 1927 1474 1982 scholis
1505 1942 1614 1983 non
1644 1929 1786 1982 sunt
1822 1926 2099 1982 instituti.
2132 1925 2451 1982 Veteribus

204 2017 333 2078 fore
372 2018 643 2074 omnibus
684 2031 787 2088 pro
825 2019 989 2072 certo
1030 2017 1156 2080 suit,
1198 2031 1298 2072 eos
1337 2017 1716 2088 aliquatenus
1755 2031 1899 2072 suae
1947 2015 2161 2072 mentis
2202 2031 2332 2072 esse
2386 2017 2451 2071 et

204 2122 281 2167 ea
305 2122 461 2180 quae
486 2107 561 2163 ad
603 2106 778 2163 fidem
809 2106 1109 2177 pertinent
1149 2121 1356 2176 sapere
1383 2106 1643 2177 qualiter
1681 2106 1964 2177 qualiter:
1996 2106 2127 2160 ideo
2157 2105 2447 2175 baptismo

202 2197 571 2272 poenitentia
624 2200 688 2252 et
733 2195 1105 2252 matrimonio
1155 2195 1447 2267 prohiberi
1497 2211 1597 2252 eos
1639 2211 1751 2251 non
1797 2210 1981 2263 posse,
2022 2201 2200 2262 cena,-
2242 2195 2447 2250 conflr-

103 2343 105 2347 ,
199 2288 460 2347 matioue
498 2285 566 2343 E.
606 2287 671 2344 U.
700 2289 763 2342 et
803 2285 1181 2349 eucharistia,
1220 2289 1542 2341 communior
1580 2285 1880 2342 sententia
1922 2285 2058 2340 suit:
2102 2288 2333 2340 tantum
2373 2285 2449 2340 de

135 2448 137 2450 ,
195 2377 580 2443 eucharistia,
609 2390 724 2432 nou
753 2375 899 2431 eatis
926 2375 1379 2442 conveniebant,
1409 2381 1604 2431 utrum
1632 2376 1820 2432 solum
1862 2375 1920 2431 in
1953 2374 2152 2430 mortis
2184 2374 2444 2445 periculo

119 2475 121 2478 ’
196 2465 398 2526 danda
421 2469 599 2531 esset,
625 2481 703 2522 an
733 2465 915 2522 etiam
956 2465 1013 2520 in
1057 2466 1363 2528 Pascliate
1391 2481 1468 2521 an
1498 2466 1735 2536 saepius
1763 2480 2011 2537 quoque.
2042 2466 2240 2521 Dicam
2275 2464 2450 2534 plane

114 2563 119 2567 ’
128 2547 355 2644 quod
393 2556 612 2615 sentio.
642 2570 775 2611 cum
818 2554 990 2612 bodie
1029 2554 1341 2611 admodum
1385 2556 1680 2626 probabile
1716 2556 1795 2611 sit
1836 2570 1936 2611 eos
1977 2571 2107 2612 6336
2151 2555 2337 2611 instar
2366 2555 2452 2610 in·

120 2616 452 2705 tatium
473 2644 565 2719 (V.
594 2643 750 2702 Prol.
776 2647 815 2715 5
841 2646 934 2709 30,
962 2646 1041 2716 7)
1071 2645 1345 2701 existimo
1376 2660 1540 2716 posse
1570 2646 1657 2700 eis
1685 2645 1808 2701 dari
1846 2645 2195 2716 baptismum
2227 2649 2288 2701 et
2316 2660 2447 2699 con-

68 2748 100 2772 ·
131 2731 612 2799 firmationem.
655 2734 831 2791 immo
867 2733 1024 2807 (cum
1067 2750 1180 2790 non
1223 2734 1302 2790 sit
1343 2734 1517 2805 plane
1560 2735 1975 2797 indubitatum
2018 2750 2118 2791 eos
2170 2735 2447 2804 ignorare

91 2829 125 2841 ’“
199 2838 356 2897 qm
391 2825 467 2881 ad
508 2824 681 2882 fldem
725 2824 1069 2897 pertinent).
1100 2828 1162 2880 et
1202 2824 1657 2888 al›solutionem;
1689 2840 1895 2880 verum
1937 2826 2132 2879 omnia
2171 2824 2279 2879 sub
2311 2837 2448 2879 con·

200 2913 464 2971 ditione:
502 2913 552 2971 ei
593 2914 728 2986 quis
777 2917 981 2970 autem
1030 2919 1091 2971 et
1132 2913 1550 2970 eucharistiam
1606 2915 1905 2970 morituris
1959 2914 2213 2969 dandam
2262 2915 2447 2984 putet,

201 3003 368 3076 quasi
407 3001 499 3076 (ut
545 3001 709 3076 olim)
752 3002 1094 3067 infantibus,
1138 3018 1252 3059 non
1306 3002 1604 3075 obloquar‚
1645 3003 1955 3059 dummodo
2001 3017 2174 3058 omne
2225 3001 2445 3059 irreve-

27 3125 31 3134 ν
114 3104 120 3109 ”
202 3091 436 3151 tentiae
464 3092 789 3163 periculum
828 3092 1009 3149 absit:
1037 3097 1100 3148 at
1141 3094 1203 3148 E.
1235 3094 1317 3157 U„
1344 3093 1391 3149 si
1427 3093 1566 3165 qnid
1596 3093 1818 3163 opinor,
1851 3093 2044 3148 danda
2073 3093 2160 3150 eis
2190 3108 2304 3149 non
2333 3098 2445 3157 est,

200 3194 336 3239 cum
373 3186 487 3240 σεο
523 3181 601 3239 eit
641 3182 994 3245 necessaria.
1034 3185 1098 3239 et
1139 3182 1238 3239 vix
1280 3183 1582 3254 probabile
1625 3184 1721 3246 sit.
1764 3182 2019 3238 validam
2061 3197 2211 3239 esse.

259 3342 292 3389 9
321 3341 382 3390 V.
413 3342 466 3391 S.
497 3341 661 3405 Alph..
696 3341 780 3400 Vl,
809 3342 883 3397 83,
917 3346 1012 3390 etc.
1374 3342 1509 3398 dere,
1542 3357 1692 3404 quam
1733 3343 1890 3403 digno
1933 3357 2129 3407 negare.
2162 3344 2256 3393 Sed
2294 3346 2444 3393 abso·

267 3414 321 3460 10
344 3413 419 3460 Ex
446 3413 544 3461 Rit.
567 3413 726 3468 Rom..
749 3413 823 3462 De
845 3413 895 3458 Β.
922 3413 975 3461 U.
989 3413 1112 3475 Cap.
1130 3412 1212 3470 LS
1228 3415 1270 3462 8.
1374 3415 1515 3467 lotio,
1549 3417 1646 3463 etsi
1666 3417 1739 3462 eie
1763 3414 1983 3464 desuerit
2005 3421 2293 3478 utrumque,
2315 3430 2448 3464 sem·

264 3484 312 3530 11
341 3483 392 3531 S.
415 3483 582 3545 Alph..
607 3482 692 3537 vi,
718 3483 821 3536 265,
848 3484 1036 3534 Quaen
1058 3486 1121 3530 2⁰.
1372 3500 1461 3548 per
1493 3485 1660 3532 denda
1694 3490 1772 3532 eet
1804 3485 1902 3534 eub
1934 3486 2239 3534 conditione.

96 3590 116 3605 „
262 3554 319 3601 12
335 3553 411 3601 132
430 3553 491 3601 D.
507 3554 640 3607 Tho..
660 3554 756 3609 111,
771 3554 911 3607 8009:
927 3555 978 3603 8.
997 3554 1166 3618 Alpb..
1190 3556 1270 3610 v1,
1440 3559 1492 3602 153
1510 3558 1582 3603 Ex
1604 3557 1703 3604 Bit.
1723 3557 1879 3616 Rom„
1899 3559 1972 3604 De
1989 3559 2140 3617 Bape.
2156 3558 2343 3618 Muhg
2367 3558 2444 3616 10;

88 3652 96 3669 .-
132 3639 139 3695 ss
203 3622 305 3674 lm.
334 3626 401 3672 Bt
429 3626 709 3686 generatim
743 3624 932 3673 sufficit
964 3627 1043 3686 pie
1076 3627 1271 3675 vixisse
1373 3628 1431 3676 D.
1453 3627 1591 3681 Tho..
1616 3629 1667 3675 in
1690 3631 1732 3683 4,
1759 3627 1814 3676 D.
1834 3629 1880 3683 6.
1901 3642 1949 3691 q.
1978 3631 2011 3682 Ι,
2037 3631 2091 3676 Α.
2121 3629 2163 3683 2,
2186 3642 2235 3690 q.
2259 3629 2288 3674 3
2310 3629 2374 3677 ad
2400 3630 2446 3689 ¹3

197 3692 272 3755 (Β.
291 3695 458 3758 Alpis..
485 3695 547 3744 H.
569 3698 628 3743 A.
649 3696 728 3743 Tr.
750 3695 862 3747 xil.
885 3698 976 3755 ⁴4).
1000 3697 1065 3743 Bt
1093 3698 1138 3745 ui
1172 3710 1270 3745 uon
1371 3698 1421 3746 8.
1457 3698 1625 3758 Alph„
1658 3697 1740 3759 vt,
1771 3699 1822 3746 81
1865 3700 1915 3746 iu
1950 3700 1997 3746 fl.

70 3823 71 3827 Ἰ
133 3779 138 3783 ·
167 3775 170 3779 ·
197 3765 587 3828 ntiaeppureat
604 3769 775 3814 utrum
796 3764 938 3828 digni
955 3780 1129 3815 revere
1150 3769 1269 3823 nint,
1439 3771 1489 3815 1⁴
1522 3769 1599 3816 131
1632 3769 1732 3817 Bit.
1763 3770 1922 3827 Rom„
1956 3772 2028 3820 De
2060 3772 2113 3816 Ε.
2145 3772 2245 3827 (1.5
2265 3770 2308 3819 8.

69 3863 92 3890 ,-
118 3867 126 3882 -.
198 3846 269 3890 ιη
303 3834 519 3899 indigni,
550 3837 736 3886 melin:
769 3842 851 3886 eet
888 3838 1016 3887 sorte
1060 3838 1271 3901 indigno

127 3993 286 4094 ..ἷῇ
319 4032 322 4035 <
