2632 4094
189 131 293 188 220
618 150 761 188 uam
795 149 863 187 m.
898 160 921 173 -
952 148 1126 189 macr.
1161 149 1195 188 1.
1231 150 1295 189 οι
1330 147 1672 190 εισιωικκπε
1706 148 1761 189 m
1794 110 1998 191 etun:

187 426 435 480 capaces
464 412 592 479 ejus
620 411 763 465 sint:
795 426 904 467 nec
930 426 1074 481 opus
1101 412 1194 466 est
1224 411 1552 466 intentione
1585 412 1910 480 parentum,
1939 426 2014 468 ne
2044 410 2104 467 in
2133 412 2422 484 baptismo

187 500 438 571 quidem,
482 500 656 571 idque
710 501 1099 556 certissimum
1143 504 1249 556 est.
1292 500 1463 555 Aliud
1499 500 1654 569 juris
1694 502 1787 555 est
1844 500 1903 555 in
1946 501 2103 558 istis:
2147 503 2204 558 hi
2247 516 2421 559 nosse
2467 523 2470 527 ·

184 590 404 645 debent
457 605 608 660 quae
650 591 801 645 scitu
854 591 1190 646 necessaria
1228 594 1368 645 sunt
1418 589 1776 645 necessitate
1826 589 2020 655 medii,
2063 594 2127 647 ut
2169 605 2419 663 capaces

186 679 515 734 habeantur
545 680 631 734 eis
672 679 1024 749 recipiendis
1050 679 1153 750 (l):
1184 679 1259 734 ad
1291 680 1435 734 haec
1478 680 1811 733 necessaria
1838 678 1926 734 eis
1954 682 2046 736 est
2074 680 2326 737 intentio
2357 684 2422 737 ut

185 769 395 831 valide,
427 772 487 824 et
515 769 926 839 dispositiones
956 774 1020 825 ut
1051 770 1209 824 licite
1244 784 1315 825 ea
1347 769 1647 839 suscipere
1676 769 1918 838 possint.

258 860 385 914 257.
440 859 513 913 Et
569 860 816 928 primum
875 860 1140 921 intentio,
1199 874 1303 914 seu
1363 857 1636 913 voluntas
1693 857 2016 927 recipiendi
2079 873 2423 915 sacramen-
2469 873 2475 883 ·

184 951 309 1002 tum
351 947 444 1019 (2).
486 949 721 1004 Scilicet
772 949 828 1003 in
886 949 1266 1019 poenitentia,
1310 948 1369 1003 in
1408 942 1541 1018 'qua
1585 947 1890 1018 poenitens
1945 948 2068 1018 ipse
2108 948 2417 1005 materiam

184 1040 445 1108 praestat
488 1038 579 1109 (3),
623 1043 684 1092 et
727 1039 1094 1092 matrimonio
1135 1038 1286 1108 quod
1326 1038 1399 1092 ad
1443 1039 1629 1092 instar
1669 1040 2008 1092 contractus
2061 1037 2260 1102 initur,
2304 1038 2420 1095 nisi

183 1143 287 1198 per
316 1133 745 1196 procuratorem
771 1129 1022 1191 ineatur,
1053 1127 1337 1182 virtualis.
1368 1128 1429 1181 In
1457 1127 1726 1190 caeteris,
1757 1142 1889 1181 cum
1919 1127 2046 1196 ipse
2080 1126 2225 1182 nihil
2253 1128 2415 1196 agat,
2488 1184 2490 1186 ,

181 1217 499 1272 habitualis
534 1218 639 1288 (4);
672 1224 732 1271 et
775 1218 831 1271 in
874 1217 1332 1280 confirmatione,
1377 1219 1438 1271 et
1480 1218 1540 1270 E.
1583 1217 1665 1279 U.‚
1695 1231 1847 1286 quae
1891 1217 2077 1271 multa
2117 1217 2416 1273 commoda

178 1306 450 1368 afferunt,
496 1307 638 1360 nihil
684 1306 1046 1370 incommodi,
1089 1307 1232 1361 satis
1280 1311 1369 1361 est
1413 1306 1686 1361 voluntas
1729 1305 2183 1375 interpretativa
2227 1306 2316 1376 (5).
2358 1305 2416 1362 Si
2458 1319 2474 1360 r

180 1397 348 1451 deest
390 1396 679 1459 voluntaS‚
709 1399 1135 1451 sacramentum
1182 1396 1401 1450 nullius
1442 1396 1719 1449 momenti
1757 1395 1886 1469 erit,
1929 1395 2055 1450 sive
2098 1394 2248 1451 nolit
2285 1395 2419 1467 quis
2459 1386 2467 1422 ⁹

182 1485 325 1540 illud
369 1486 634 1555 recipere
681 1483 790 1555 (6);
832 1486 956 1539 sive
995 1502 1098 1538 non
1152 1487 1298 1549 nolit,
1340 1484 1492 1540 idest
1540 1486 1586 1539 si
1644 1484 2031 1540 intentionem
2086 1485 2418 1542 neutralem

184 1576 397 1630 habeat
427 1574 520 1646 (7).

253 1666 380 1719 258.
411 1665 826 1733 Dispositiones
867 1663 1123 1717 omnium
1165 1679 1501 1718 communes
1545 1665 1653 1718 hae
1694 1665 1856 1727 sunt;
1885 1665 2042 1732 fider,
2076 1666 2137 1720 et
2177 1666 2242 1719 ut
2281 1663 2414 1734 quis

178 1754 327 1808 sciat
357 1769 428 1809 ea
456 1769 607 1824 quae
649 1755 800 1808 scitu
837 1759 975 1807 sunt
1019 1753 1352 1808 necessaria
1381 1753 1560 1808 etiam
1604 1753 1960 1808 necessitate
1988 1751 2063 1825 (11
2091 1755 2144 1817 4,
2165 1753 2223 1826 8)
2252 1767 2415 1823 prae·

179 1844 334 1914 cepti
363 1843 464 1915 (8):
493 1860 622 1913 spesi,
652 1845 712 1899 et
742 1844 980 1913 planum
1022 1846 1134 1897 est:
1178 1844 1389 1906 caricas,
1434 1842 1585 1897 idest
1628 1842 1861 1898 initium
1902 1842 2236 1898 dilectionis
2275 1841 2412 1908 Dei;

177 1938 238 1987 et
266 1934 313 1987 si
346 1937 618 1988 versatur
647 1934 701 1986 in
748 1933 932 1994 letali,
963 1933 1020 1986 in
1064 1932 1453 2001 suscipiendis
1494 1932 1884 1987 sacramentis
1926 1934 2286 1988 mortuorum
2325 1933 2420 1988 at·

176 2022 355 2087 triti0,
386 2023 444 2076 in
487 2023 749 2076 vivorum
793 2023 1084 2085 contriti0,
1115 2026 1367 2091 excepta
1409 2021 1770 2077 eucharistia
1800 2023 1855 2075 in
1900 2038 2018 2093 qua
2050 2021 2414 2079 confessione

2215 83 2220 95 ‘
2286 71 2393 120 w(
2575 67 2610 143 Τ..

2332 128 2337 140 ’
2385 127 2627 234 ’Ἢ

190 233 278 289 eis
315 235 721 295 accensentur,
761 233 934 286 idiotis
981 234 1044 288 et
1082 233 1417 288 amentibus
1456 233 1530 287 ab
1579 231 1829 288 infantia
1865 231 2039 304 (Prol.
2065 234 2141 304 §g
2173 234 2267 301 30,
2306 230 2422 308 31),

191 322 335 377 nihil
375 322 535 376 aliud
578 321 917 392 requiritur,
958 323 1024 377 ut
1062 324 1490 377 sacramentum
1535 322 1803 391 recipere
1851 321 2072 392 possint
2124 337 2299 394 quam
2354 327 2424 381 ut

2519 340 2530 346 ,ι
2575 334 2580 346 l

2588 254 2632 494 Ji

242 2187 257 2231 l
291 2187 367 2231 Ex
402 2186 509 2231 Inn.
545 2185 630 2238 XI,
662 2186 733 2229 64.
769 2184 826 2230 V.
859 2183 921 2232 11.
951 2188 981 2237 ἓ
1014 2184 1056 2236 3,
1089 2186 1129 2228 4.

238 2258 266 2300 2
288 2256 347 2301 D.
365 2256 501 2308 Tho„
529 2255 621 2308 ΙΙΙ,
644 2256 716 2305 68,
742 2257 782 2301 7.
813 2254 1023 2300 Proinde
1057 2255 1100 2299 si
1125 2255 1241 2315 quis

176 2327 462 2374 comederet
501 2326 735 2380 hostiam,
785 2327 1017 2372 nesciens
1061 2338 1238 2371 conse-

176 2403 366 2445 cratam
392 2411 514 2451 esse,
538 2398 744 2457 perinde
769 2398 862 2442 erit
883 2398 1027 2455 qnasi
1059 2409 1239 2455 panem

175 2470 480 2516 comedisset
515 2470 692 2528 (Lugo,
715 2472 786 2515 De
809 2469 977 2524 Euch„
1011 2467 1142 2522 XIII,
1168 2468 1239 2521 23,

176 2542 267 2587 26).
304 2542 615 2596 [temnenda
651 2543 701 2584 et
732 2542 883 2598 prout
921 2540 972 2583 in
1006 2539 1239 2584 ministro

180 2616 450 2670 antequam
487 2612 821 2670 suscipiatur:
851 2614 1090 2669 concepta
1123 2615 1240 2669 post

177 2683 438 2727 materiam
485 2686 534 2726 et
572 2682 780 2726 formam
822 2682 1058 2740 positam,
1091 2679 1238 2739 quasi

175 2757 292 2812 post
338 2755 548 2810 siynum
589 2752 894 2806 absolutum,
930 2750 1059 2796 nihil
1103 2750 1239 2795 valet

174 2826 352 2884 (Lugo,
380 2827 452 2870 De
478 2828 670 2872 Poenic.
698 2823 826 2877 XIV,
853 2825 924 2877 46,
949 2825 1041 2882 48).
1065 2823 1238 2869 Sacra-

174 2901 414 2947 mentum,
450 2895 583 2940 idest
618 2894 749 2954 quod
785 2894 1013 2940 Ecclesia
1046 2907 1101 2939 eo
1134 2895 1238 2938 ritu

173 2970 423 3025 praestat:
451 2965 772 3025 quamobrem
798 2965 842 3010 si
868 2967 982 3024 quis
1007 2963 1127 3009 dun]
1156 2964 1240 3009 ba-

174 3037 396 3095 ptizatur
420 3050 516 3081 non
552 3041 944 3090 sacramentum,
969 3035 1057 3081 sed
1084 3034 1237 3080 medi-

172 3109 335 3152 cinam
363 3109 580 3166 reeipere
604 3121 656 3151 se
681 3110 826 3166 putet
845 3110 934 3152 aut
953 3106 1087 3163 velit,
1109 3105 1235 3151 nihil

172 3178 267 3221 erit
301 3182 480 3222 actum.

234 3246 381 3292 Porro
412 3252 470 3292 nt
499 3248 732 3300 ministri,
756 3247 829 3293 ita
852 3251 901 3292 et
924 3247 1135 3307 subjecti
1163 3248 1235 3292 in·

170 3318 331 3363 tentio
354 3331 481 3377 pura
505 3332 613 3363 esse
639 3318 808 3363 debet:
841 3318 1163 3378 quamobrem
1189 3318 1232 3362 si

171 3388 295 3432 velit
322 3387 418 3433 sub
441 3389 724 3433 conditione
750 3390 825 3433 vel
861 3390 1132 3447 praeterita
1156 3387 1233 3432 vel

172 3459 394 3515 presenti
430 3471 557 3517 quae
591 3458 773 3503 defecit
807 3464 895 3503 aut
927 3459 1110 3513 deficit,
1146 3463 1234 3504 aut

167 3529 343 3574 futura
369 3533 419 3573 et
453 3531 655 3588 incerta,
685 3530 810 3573 nihil
837 3535 1005 3575 actum
1039 3530 1230 3575 intelli-

172 3601 337 3658 gitur:
372 3601 467 3645 etsi
500 3603 626 3646 haec
657 3607 834 3659 postea
868 3602 1107 3646 extiterit.

230 3670 257 3713 3
292 3669 348 3714 V.
382 3671 537 3729 Spor.,
570 3671 615 3715 Ῐι.
653 3673 686 3716 t.
721 3672 747 3728 ἓ
791 3673 886 3716 145.

229 3742 256 3783 4
290 3741 443 3799 Lugo,
479 3741 564 3792 IX,
604 3742 698 3795 119;
742 3741 844 3794 127;
872 3741 918 3786 S.
955 3740 1120 3800 Alph.‚
1153 3741 1234 3796 VI,

168 3811 252 3868 823
278 3811 418 3865 Proi,
442 3816 471 3866 ἓ
500 3814 596 3866 145,
622 3813 687 3859 13.
705 3811 989 3858 Dummodo
1012 3825 1111 3858 non
1132 3812 1239 3858 fue-

1347 2184 1413 2228 rit
1432 2183 1705 2228 retractata
1731 2182 1870 2243 (Cap.
1892 2183 1937 2236 3,
1959 2186 1987 2237 S
2009 2181 2100 2229 ult.
2124 2183 2199 2232 De
2222 2159 2421 2242 Rapa).
2495 2167 2498 2170 ’

1347 2253 1461 2300 Ideo
1478 2253 1643 2299 valide
1659 2253 1984 2300 conferuntur
2008 2253 2277 2301 dormienti
2299 2254 2417 2310 (cit.

1347 2326 1374 2382 ἓ
1413 2325 1502 2370 ult.
1537 2324 1653 2370 Ben.
1689 2324 1819 2379 XIV,
1852 2324 1906 2372 C.
1938 2326 2204 2372 Postremo
2242 2338 2418 2374 mense
2500 2363 2506 2374 .
2558 2364 2562 2371 .

1347 2397 1374 2454 g
1410 2397 1501 2450 46).
1530 2396 1630 2442 Nec
1663 2395 1823 2442 oberit
1854 2398 1896 2442 si
1927 2397 2042 2456 quis
2075 2409 2133 2442 ea
2164 2396 2417 2456 suscipiat
2457 2394 2462 2399 ’
2597 2443 2623 2463 Ἴ,

1345 2466 1640 2526 compulsus
1675 2470 1812 2512 metu
1847 2468 2004 2525 gravi,
2037 2466 2311 2512 dummodo
2334 2478 2415 2512 ve·
2478 2494 2484 2500 ·
2559 2485 2573 2493 ·=

1345 2537 1418 2590 lit,
1438 2538 1557 2597 quia
1577 2540 1743 2582 metus
1762 2550 1859 2583 non
1880 2537 2041 2582 aufert
2053 2535 2412 2583 voluntarium.

1344 2611 1459 2659 <cie
1491 2612 1519 2664 g
1552 2608 1643 2654 un.
1687 2608 1806 2654 nen.
1850 2606 1982 2661 XIV,
2026 2609 2053 2665 g
2088 2607 2181 2666 49).
2216 2603 2306 2652 Vel
2352 2605 2413 2652 ob
2475 2592 2485 2604 “

1343 2681 1494 2726 finem
1526 2692 1756 2740 pravum,
1789 2678 1908 2737 quia
1939 2678 2154 2724 intentio
2183 2690 2288 2724 rem
2312 2690 2412 2728 non
2476 2720 2481 2732 ,

1345 2755 1509 2798 mutat
1548 2749 1842 2810 §Reginald.‚
1875 2750 1951 2804 26,
1985 2749 2079 2807 50).

1402 2824 1431 2867 5
1468 2823 1539 2867 Ex
1567 2822 1666 2867 Rit.
1689 2822 1842 2874 Rom„
1879 2823 1952 2868 De
1973 2822 2122 2867 Extr.
2156 2822 2296 2867 Unel.
2320 2823 2349 2874 5
2367 2820 2411 2867 6.
2470 2798 2479 2807 ’

1342 2895 1528 2949 (croix,
1553 2892 1634 2947 VI,
1662 2893 1699 2945 l,
1732 2893 1832 2948 1693
1859 2893 1905 2938 S.
1931 2892 2098 2952 Alph.‚
2124 2890 2207 2947 VI,
2228 2891 2304 2947 81,
2328 2891 2410 2946 8⁴2;

1349 2965 1508 3026 Vasq.,
1545 2964 1600 3011 D.
1634 2964 1744 3019 212ς
1780 2965 1939 3024 Lug0,
1971 2965 2014 3019 9,
2049 2963 2164 3023 122).
2189 2962 2332 3010 Alias
2354 2962 2411 3008 E.

1341 3037 1398 3083 U.
1425 3039 1665 3082 morituro
1699 3035 1934 3082 sensibus
1959 3036 2207 3081 destituto
2242 3031 2413 3079 danda

1341 3112 1474 3153 esset
1508 3107 1603 3153 sub
1647 3106 1951 3166 conditione,
1994 3109 2058 3159 et,
2099 3106 2143 3151 si
2177 3105 2222 3151 is
2260 3103 2322 3150 de
2353 3116 2413 3150 ea.

1342 3178 1626 3238 recipienda
1669 3190 1947 3237 numquam
1987 3178 2280 3236 cogitasset,
2318 3174 2412 3221 ite-

1341 3251 1497 3295 randa
1528 3249 1667 3295 foret.

1399 3322 1427 3364 6
1460 3321 1511 3366 C.
1545 3320 1586 3371 3,
1629 3323 1659 3372 ἕ
1691 3321 1820 3365 Item
1858 3320 1933 3365 De
1974 3319 2123 3376 Bapt.
2165 3314 2408 3374 Quamvis

1339 3392 1506 3450 specie
1536 3396 1701 3449 tenus,
1733 3391 1862 3435 serio
1896 3393 1945 3434 et
1969 3388 2147 3435 devote
2177 3386 2308 3433 illud
2334 3398 2410 3431 re·

1339 3463 1495 3521 cipiat
1529 3462 1665 3509 (Ben.
1700 3460 1830 3514 XIV,
1862 3461 1914 3508 C.
1951 3460 2215 3506 Postremo
2237 3467 2410 3504 meme

1340 3534 1401 3589 §g
1433 3533 1506 3583 47,
1537 3534 1633 3589 51).
1664 3531 1730 3577 Et
1762 3531 1822 3577 de
1856 3531 1949 3576 hoc
1994 3541 2138 3575 nemo
2182 3539 2407 3587 unquam

1338 3602 1608 3647 dubitavit.

1398 3676 1425 3716 7
1459 3674 1575 3718 Ben.
1611 3672 1741 3727 XIV,
1773 3671 1806 3719 l.
1828 3685 1867 3718 c.
1894 3673 1921 3729 ἓ
1947 3672 2026 3724 48;
2056 3669 2104 3716 S.
2130 3668 2294 3728 Alph.‚
2321 3666 2405 3722 vl,

1337 3743 1388 3787 81
1429 3744 1477 3787 in
1514 3743 1610 3788 fine
1645 3746 1819 3789 contra
1851 3742 2166 3802 Cajetanum.

1395 3813 1423 3856 8
1457 3813 1623 3870 Salm.,
1644 3813 1706 3869 11,
1732 3812 1813 3866 VI,
1837 3813 1916 3868 503
1939 3812 1983 3859 S.
2005 3810 2172 3871 Alph.‚
2195 3809 2279 3866 vl,
2307 3809 2406 3856 139.
